### MY CONTRIBUTION ###########################################################
@article{di2021dechorate,
  title     = {dEchorate: a calibrated Room Impulse Response database for acoustic echo retrieval},
  author    = {Di Carlo, Diego and Tandeitnik, Pinchas and Gannot, Sharon and Deleforge, Antoine and  Bertin, Nancy},
  journal   = {Workin progess},
  year      = {2021},
}
@techreport{di2019honda,
  title        = {HRI-JF collaboration - Final Phase II Deliverable},
  author       = {Di Carlo, Diego and Deleforge, Antoine},
  institution  = {Inria Nancy - Grand Est},
}
@inproceedings{di2019mirage,
  title        = {Mirage: 2D source localization using microphone pair augmentation with echoes},
  author       = {Di Carlo, Diego and Deleforge, Antoine and Bertin, Nancy},
  booktitle    = {ICASSP 2019-2019 IEEE International Conference on Acoustics, Speech and Signal Processing (ICASSP)},
  pages        = {775--779},
  year         = {2019},
  organization = {IEEE}
}

@inproceedings{di2020blaster,
  title={Blaster: An Off-Grid Method for Blind and Regularized Acoustic Echoes Retrieval},
  author={Di Carlo, Diego and Elvira, Clement and Deleforge, Antoine and Bertin, Nancy and Gribonval, R{\'e}mi},
  booktitle={ICASSP 2020-2020 IEEE International Conference on Acoustics, Speech and Signal Processing (ICASSP)},
  pages={156--160},
  year={2020},
  organization={IEEE}
}
@inproceedings{scheibler2018separake,
  title        = {Separake: Source separation with a little help from echoes},
  author       = {Scheibler, Robin and Di Carlo, Diego and Deleforge, Antoine and Dokmani{\'c}, Ivan},
  booktitle    = {2018 IEEE International Conference on Acoustics, Speech and Signal Processing (ICASSP)},
  pages        = {6897--6901},
  year         = {2018},
  organization = {IEEE}
}
@article{lebarbenchon2018evaluation,
  title   = {Evaluation of an open-source implementation of the SRP-PHAT algorithm within the 2018 LOCATA challenge},
  author  = {Lebarbenchon, Romain and Camberlein, Ewen and Di Carlo, Diego and Gaultier, Cl{\'e}ment and Deleforge, Antoine and Bertin, Nancy},
  journal = {Proc. of LOCATA Challenge Workshop-a satellite event of IWAENC},
  year    = {2018}
}

@article{deleforge2019audio,
  title     = {Audio-Based Search and Rescue With a Drone: Highlights From the IEEE Signal Processing Cup 2019 Student Competition [SP Competitions]},
  author    = {Deleforge, Antoine and Di Carlo, Diego and Strauss, Martin and Serizel, Romain and Marcenaro, Lucio},
  journal   = {IEEE Signal Processing Magazine},
  volume    = {36},
  number    = {5},
  pages     = {138--144},
  year      = {2019},
  publisher = {IEEE}
}

### MY CONTRIBUTION BOLD ###########################################################
@article{di2021dechorateB,
  title   = {dEchorate: a calibrated Room Impulse Response database for acoustic echo retrieval},
  author  = {\textbf{Di Carlo, Diego} and Tandeitnik, Pinchas and Gannot, Sharon and Deleforge, Antoine and  Bertin, Nancy},
  journal = {Workin progess},
  year    = {2021}
}
@techreport{di2019hondaB,
  title       = {HRI-JF collaboration - Final Phase II Deliverable},
  author      = {\textbf{Di Carlo, Diego} and Deleforge, Antoine},
  institution = {Inria Nancy - Grand Est}
}
@inproceedings{di2019mirageB,
  title        = {Mirage: 2D source localization using microphone pair augmentation with echoes},
  author       = {\textbf{Di Carlo, Diego} and Deleforge, Antoine and Bertin, Nancy},
  booktitle    = {ICASSP 2019-2019 IEEE International Conference on Acoustics, Speech and Signal Processing (ICASSP)},
  pages        = {775--779},
  year         = {2019},
  organization = {IEEE}
}

@inproceedings{di2020blasterB,
  title        = {Blaster: An Off-Grid Method for Blind and Regularized Acoustic Echoes Retrieval},
  author       = {\textbf{Di Carlo, Diego} and Elvira, Clement and Deleforge, Antoine and Bertin, Nancy and Gribonval, R{\'e}mi},
  booktitle    = {ICASSP 2020-2020 IEEE International Conference on Acoustics, Speech and Signal Processing (ICASSP)},
  pages        = {156--160},
  year         = {2020},
  organization = {IEEE}
}
@inproceedings{scheibler2018separakeB,
  title        = {Separake: Source separation with a little help from echoes},
  author       = {Scheibler, Robin and \textbf{Di Carlo, Diego} and Deleforge, Antoine and Dokmani{\'c}, Ivan},
  booktitle    = {2018 IEEE International Conference on Acoustics, Speech and Signal Processing (ICASSP)},
  pages        = {6897--6901},
  year         = {2018},
  organization = {IEEE}
}
@article{lebarbenchon2018evaluationB,
  title   = {Evaluation of an open-source implementation of the SRP-PHAT algorithm within the 2018 LOCATA challenge},
  author  = {Lebarbenchon, Romain and Camberlein, Ewen and \textbf{Di Carlo, Diego} and Gaultier, Cl{\'e}ment and Deleforge, Antoine and Bertin, Nancy},
  journal = {Proc. of LOCATA Challenge Workshop-a satellite event of IWAENC},
  year    = {2018}
}

@article{deleforge2019audioB,
  title     = {Audio-Based Search and Rescue With a Drone: Highlights From the IEEE Signal Processing Cup 2019 Student Competition [SP Competitions]},
  author    = {Deleforge, Antoine and \textbf{Di Carlo, Diego} and Strauss, Martin and Serizel, Romain and Marcenaro, Lucio},
  journal   = {IEEE Signal Processing Magazine},
  volume    = {36},
  number    = {5},
  pages     = {138--144},
  year      = {2019},
  publisher = {IEEE}
}

#### CHAPTER 2 ################################################################
@article{woodward1952information,
  title     = {Information theory and inverse probability in telecommunication},
  author    = {Woodward, Philip M and Davies, Ian L},
  journal   = {Proceedings of the IEE-Part III: Radio and Communication Engineering},
  volume    = {99},
  number    = {58},
  pages     = {37--44},
  year      = {1952},
  publisher = {IET}
}

@article{habets2006room,
  title={Room impulse response generator},
  author={Habets, Emanuel AP},
  journal={Technische Universiteit Eindhoven, Tech. Rep},
  volume={2},
  number={2.4},
  pages={1},
  year={2006}
}
@article{marczuk2006modelling,
  title={Modelling of Green function in a rectangular room based upon the geometrical-filtration model},
  author={Marczuk, R and Majkut, L},
  journal={Archives of Acoustics},
  volume={31},
  number={2},
  pages={213--230},
  year={2006}
}
@book{kuttruff2016room,
  title={Room acoustics},
  author={Kuttruff, Heinrich},
  year={2016},
  publisher={CRC Press}
}
@article{allen1979image,
  title={Image method for efficiently simulating small-room acoustics},
  author={Allen, Jont B and Berkley, David A},
  journal={The Journal of the Acoustical Society of America},
  volume={65},
  number={4},
  pages={943--950},
  year={1979},
  publisher={Acoustical Society of America}
}
@incollection{avanzini2019sound,
  title       = "Sound in Space",
  author      = "Avanzini, Federico",
  editor      = "",
  booktitle   = "Algorithms for Sound and Music Computing",
  publisher   = "",
  address     = "",
  year        = 2019,
  pages       = "1-58",
  chapter     = 4,
}
@book{duffy2015green,
  title={Green's functions with applications},
  author={Duffy, Dean G},
  year={2015},
  publisher={CRC Press}
}
@article{savioja2015overview,
  title={Overview of geometrical room acoustic modeling techniques},
  author={Savioja, Lauri and Svensson, U Peter},
  journal={The Journal of the Acoustical Society of America},
  volume={138},
  number={2},
  pages={708--730},
  year={2015},
  publisher={Acoustical Society of America}
}
@article{krokstad1968calculating,
  title={Calculating the acoustical room response by the use of a ray tracing technique},
  author={Krokstad, Asbj{\o}rn and Strom, Staffan and S{\o}rsdal, Svein},
  journal={Journal of Sound and Vibration},
  volume={8},
  number={1},
  pages={118--125},
  year={1968},
  publisher={Elsevier}
}
@article{davis1926sound,
  title={Sound pulse photography as applied to the study of architectural acoustics},
  author={Davis, AH and Fleming, N},
  journal={Journal of Scientific Instruments},
  volume={3},
  number={12},
  pages={393},
  year={1926},
  publisher={IOP Publishing}
}
@book{pierce2019acoustics,
  title={Acoustics: an introduction to its physical principles and applications},
  author={Pierce, Allan D},
  year={2019},
  publisher={Springer}
}
@inproceedings{valimaki2016more,
  title={More than 50 years of artificial reverberation},
  author={V{\"a}lim{\"a}ki, Vesa and Parker, Julian and Savioja, Lauri and Smith, Julius O and Abel, Jonathan},
  booktitle={Audio engineering society conference: 60th international conference: dreams (dereverberation and reverberation of audio, music, and speech)},
  year={2016},
  organization={Audio Engineering Society}
}
@article{wallach1973precedence,
  title={The precedence effect in sound localization (tutorial reprint)},
  author={Wallach, Hans and Newman, Edwin B and Rosenzweig, Mark R},
  journal={Journal of the audio engineering society},
  volume={21},
  number={10},
  pages={817--826},
  year={1973},
  publisher={Audio Engineering Society}
}
@article{barron1971subjective,
  title={The subjective effects of first reflections in concert halls—the need for lateral reflections},
  author={Barron, Michael},
  journal={Journal of sound and vibration},
  volume={15},
  number={4},
  pages={475--494},
  year={1971},
  publisher={Elsevier}
}
@article{griesinger1997psychoacoustics,
  title={The psychoacoustics of apparent source width, spaciousness and envelopment in performance spaces},
  author={Griesinger, David},
  journal={Acta Acustica united with Acustica},
  volume={83},
  number={4},
  pages={721--731},
  year={1997},
  publisher={S. Hirzel Verlag}
}
@article{kearney2012distance,
  title={Distance perception in interactive virtual acoustic environments using first and higher order ambisonic sound fields},
  author={Kearney, Gavin and Gorzel, Marcin and Rice, Henry and Boland, Frank},
  journal={Acta Acustica united with Acustica},
  volume={98},
  number={1},
  pages={61--71},
  year={2012},
  publisher={S. Hirzel Verlag}
}
@article{zahorik2002direct,
  title={Direct-to-reverberant energy ratio sensitivity},
  author={Zahorik, Pavel},
  journal={The Journal of the Acoustical Society of America},
  volume={112},
  number={5},
  pages={2110--2117},
  year={2002},
  publisher={Acoustical Society of America}
}
@article{schlecht2016feedback,
  title={Feedback delay networks: Echo density and mixing time},
  author={Schlecht, Sebastian J and Habets, Emanu{\"e}l AP},
  journal={IEEE/ACM Transactions on Audio, Speech, and Language Processing},
  volume={25},
  number={2},
  pages={374--383},
  year={2016},
  publisher={IEEE}
}
@phdthesis{thomas2017wayverb,
  title={Wayverb: A Graphical Tool for Hybrid Room Acoustics Simulation},
  author={Thomas, Matthew Reuben},
  year={2017},
  school={University of Huddersfield}
}
@inproceedings{schroder2007fast,
  title={A fast reverberation estimator for virtual environments},
  author={Schr{\"o}der, Dirk and Dross, Philipp and Vorl{\"a}nder, Michael},
  booktitle={Audio Engineering Society Conference: 30th International Conference: Intelligent Audio Environments},
  year={2007},
  organization={Audio Engineering Society}
}
@article{heinz1993binaural,
  title={Binaural room simulation based on an image source model with addition of statistical methods to include the diffuse sound scattering of walls and to predict the reverberant tail},
  author={Heinz, Renate},
  journal={Applied Acoustics},
  volume={38},
  number={2-4},
  pages={145--159},
  year={1993},
  publisher={Elsevier}
}
@inproceedings{wabnitz2010room,
  title={Room acoustics simulation for multichannel microphone arrays},
  author={Wabnitz, Andrew and Epain, Nicolas and Jin, Craig and Van Schaik, Andr{\'e}},
  booktitle={Proceedings of the International Symposium on Room Acoustics},
  pages={1--6},
  year={2010},
  organization={Citeseer}
}
@inproceedings{schimmel2009fast,
  title={A fast and accurate “shoebox” room acoustics simulator},
  author={Schimmel, Steven M and Muller, Martin F and Dillier, Norbert},
  booktitle={2009 IEEE International Conference on Acoustics, Speech and Signal Processing},
  pages={241--244},
  year={2009},
  organization={IEEE}
}
@article{kulowski1985algorithmic,
  title={Algorithmic representation of the ray tracing technique},
  author={Kulowski, Andrzej},
  journal={Applied Acoustics},
  volume={18},
  number={6},
  pages={449--469},
  year={1985},
  publisher={Elsevier}
}
@article{badeau2019common,
  title={Common mathematical framework for stochastic reverberation models},
  author={Badeau, Roland},
  journal={The Journal of the Acoustical Society of America},
  volume={145},
  number={4},
  pages={2733--2745},
  year={2019},
  publisher={Acoustical Society of America}
}
@article{peterson1986simulating,
  title={Simulating the response of multiple microphones to a single acoustic source in a reverberant room},
  author={Peterson, Patrick M},
  journal={The Journal of the Acoustical Society of America},
  volume={80},
  number={5},
  pages={1527--1529},
  year={1986},
  publisher={Acoustical Society of America}
}

#### CHAPTER 3 ###############################
@article{gannot2017consolidated,
  title={A consolidated perspective on multimicrophone speech enhancement and source separation},
  author={Gannot, Sharon and Vincent, Emmanuel and Markovich-Golan, Shmulik and Ozerov, Alexey},
  journal={IEEE/ACM Transactions on Audio, Speech, and Language Processing},
  volume={25},
  number={4},
  pages={692--730},
  year={2017},
  publisher={IEEE}
}
@article{vincent2006performance,
  title={Performance measurement in blind audio source separation},
  author={Vincent, Emmanuel and Gribonval, R{\'e}mi and F{\'e}votte, C{\'e}dric},
  journal={IEEE transactions on audio, speech, and language processing},
  volume={14},
  number={4},
  pages={1462--1469},
  year={2006},
  publisher={IEEE}
}
@inproceedings{sturmel2012linear,
  title={Linear mixing models for active listening of music productions in realistic studio conditions},
  author={Sturmel, Nicolas and Liutkus, Antoine and Pinel, Jonathan and Girin, Laurent and Marchand, Sylvain and Richard, Ga{\"e}l and Badeau, Roland and Daudet, Laurent},
  booktitle={Proceedings of the Audio Engineering Society Convention},
  number={8594},
  organization={IEEE},
  year={2012}
}
@book{watson2001nonlinear,
  title={Nonlinear Equations and Optimisation},
  author={Watson, LT and Ford, JA and Bartholomew-Biggs, M},
  volume={4},
  year={2001},
  publisher={Elsevier}
}
@book{kirsch2011introduction,
  title={An introduction to the mathematical theory of inverse problems},
  author={Kirsch, Andreas},
  volume={120},
  year={2011},
  publisher={Springer Science \& Business Media}
}
@article{santamarina2005discrete,
  title={Discrete signals and inverse problems},
  author={Santamarina, J Carlos and Fratta, Dante},
  journal={An Introduction for Engineers and Scientists. UK: Wiley \& Sons},
  year={2005},
  publisher={Wiley Online Library}
}
@article{bal2012introduction,
  title={Introduction to inverse problems},
  author={Bal, Guillaume},
  journal={Lecture Notes-Department of Applied Physics and Applied Mathematics, Columbia University, New York},
  year={2012}
}
@phdthesis{kitic2015cosparse,
  title={Cosparse regularization of physics-driven inverse problems},
  author={Kitic, Srdan},
  year={2015},
  school={Rennes 1}
}
@book{rocchesso2003introduction,
  title={Introduction to sound processing},
  author={Rocchesso, Davide},
  year={2003},
  publisher={Mondo estremo}
}
@book{fourier1822theorie,
  title={Th{\'e}orie analytique de la chaleur},
  author={Fourier, Jean Baptiste Joseph},
  year={1822},
  publisher={F. Didot}
}
@book{vincent2018audio,
  title={Audio source separation and speech enhancement},
  author={Vincent, Emmanuel and Virtanen, Tuomas and Gannot, Sharon},
  year={2018},
  publisher={John Wiley \& Sons}
}
@book{tuzlukov2018signal,
  title={Signal processing noise},
  author={Tuzlukov, Vyacheslav},
  year={2018},
  publisher={CRC Press}
}
@article{habets2007generating,
  title={Generating sensor signals in isotropic noise fields},
  author={Habets, Emanu{\"e}l AP and Gannot, Sharon},
  journal={The Journal of the Acoustical Society of America},
  volume={122},
  number={6},
  pages={3464--3470},
  year={2007},
  publisher={Acoustical Society of America}
}
@inproceedings{tukuljac2018mulan,
  title={MULAN: a blind and off-grid method for multichannel echo retrieval},
  author={Tukuljac, Helena Peic and Deleforge, Antoine and Gribonval, R{\'e}mi},
  booktitle={Advances in Neural Information Processing Systems},
  pages={2182--2192},
  year={2018}
}
@inproceedings{van2001gaussian,
  title={Gaussian convolutions numerical approximations based on interpolation},
  author={{van denBoomgaard}, Rein and {van derWeij}, Rik},
  booktitle={Scale-Space and Morphology in Computer Vision: Third International Conference, Scale-Space 2001 Vancouver, Canada, July 7--8, 2001 Proceedings 3},
  pages={205--214},
  year={2001},
  organization={Springer}
}
@book{muller2015fundamentals,
  author    = {Meinard M{\"u}ller},
  title     = {Fundamentals of Music Processing},
  type      = {Monograph},
  year      = {2015},
  isbn      = {978-3-319-21944-8},
  publisher = {Springer Verlag},
  url-details={http://www.music-processing.de}
}
@book{oppenheim1987signals,
  title={Signals and Systems: An Introduction to Analog and Digital Signal Processing},
  author={Oppenheim, Alan V},
  year={1987},
  publisher={MIT Center for Advanced Engineering Study}
}
@article{gilloire1992adaptive,
  title={Adaptive filtering in sub-bands with critical sampling: analysis, experiments, and application to acoustic echo cancellation},
  author={Gilloire, Andre and Vetterli, Martin},
  journal={IEEE transactions on signal processing},
  volume={40},
  number={ARTICLE},
  pages={1862--1875},
  year={1992},
  publisher={Institute of Electrical and Electronics Engineers}
}

@article{gannot2001signal,
  title={Signal enhancement using beamforming and nonstationarity with applications to speech},
  author={Gannot, Sharon and Burshtein, David and Weinstein, Ehud},
  journal={IEEE Transactions on Signal Processing},
  volume={49},
  number={8},
  pages={1614--1626},
  year={2001},
  publisher={IEEE}
}

#### CHAPTER : AER ############################################################
@article{chen2006time,
  title={Time delay estimation in room acoustic environments: an overview},
  author={Chen, Jingdong and Benesty, Jacob and Huang, Yiteng Arden},
  journal={EURASIP Journal on Advances in Signal Processing},
  volume={2006},
  number={1},
  pages={026503},
  year={2006},
  publisher={Springer}
}

@article{xu1995least,
  title={A least-squares approach to blind channel identification},
  author={Xu, Guanghan and Liu, Hui and Tong, Lang and Kailath, Thomas},
  journal={IEEE Transactions on signal processing},
  volume={43},
  number={12},
  pages={2982--2993},
  year={1995},
  publisher={IEEE}
}

@article{subramaniam1996cepstrum,
  title={Cepstrum-based deconvolution for speech dereverberation},
  author={Subramaniam, Suresh and Petropulu, Athina P and Wendt, Christopher},
  journal={IEEE transactions on speech and audio processing},
  volume={4},
  number={5},
  pages={392--396},
  year={1996},
  publisher={IEEE}
}
@article{neely1979invertibility,
  title={Invertibility of a room impulse response},
  author={Neely, Stephen T and Allen, Jont B},
  journal={The Journal of the Acoustical Society of America},
  volume={66},
  number={1},
  pages={165--169},
  year={1979},
  publisher={Acoustical Society of America}
}
@inproceedings{crocco2012closed,
  title        = {A closed form solution to the microphone position self-calibration problem},
  author       = {Crocco, Marco and Del Bue, Alessio and Bustreo, Matteo and Murino, Vittorio},
  booktitle    = {2012 IEEE International Conference on Acoustics, Speech and Signal Processing (ICASSP)},
  pages        = {2597--2600},
  year         = {2012},
  organization = {IEEE}
}

@inproceedings{aissa2008blind,
  title        = {Blind SIMO channel identification using a sparsity criterion},
  author       = {Aissa-El-Bey, Abdeldjalil and Abed-Meraim, Karim},
  booktitle    = {2008 IEEE 9th Workshop on Signal Processing Advances in Wireless Communications},
  pages        = {271--275},
  year         = {2008},
  organization = {IEEE}
}

@article{abed1997subspace,
  title     = {A subspace algorithm for certain blind identification problems},
  author    = {Abed-Meraim, Karim and Loubaton, Philippe and Moulines, Eric},
  journal   = {IEEE transactions on information theory},
  volume    = {43},
  number    = {2},
  pages     = {499--511},
  year      = {1997},
  publisher = {IEEE}
}

@article{duong2010under,
  title     = {Under-determined reverberant audio source separation using a full-rank spatial covariance model},
  author    = {Duong, Ngoc QK and Vincent, Emmanuel and Gribonval, R{\'e}mi},
  journal   = {IEEE Transactions on Audio, Speech, and Language Processing},
  volume    = {18},
  number    = {7},
  pages     = {1830--1840},
  year      = {2010},
  publisher = {IEEE}
}

@article{ozerov2009multichannel,
  title     = {Multichannel nonnegative matrix factorization in convolutive mixtures for audio source separation},
  author    = {Ozerov, Alexey and F{\'e}votte, C{\'e}dric},
  journal   = {IEEE Transactions on Audio, Speech, and Language Processing},
  volume    = {18},
  number    = {3},
  pages     = {550--563},
  year      = {2009},
  publisher = {IEEE}
}

@article{sato1975method,
  title     = {A method of self-recovering equalization for multilevel amplitude-modulation systems},
  author    = {Sato, Yoichi},
  journal   = {IEEE Transactions on communications},
  volume    = {23},
  number    = {6},
  pages     = {679--682},
  year      = {1975},
  publisher = {IEEE}
}
@article{leglaive2016multichannel,
  title     = {Multichannel audio source separation with probabilistic reverberation priors},
  author    = {Leglaive, Simon and Badeau, Roland and Richard, Ga{\"e}l},
  journal   = {IEEE/ACM Transactions on Audio, Speech, and Language Processing},
  volume    = {24},
  number    = {12},
  pages     = {2453--2465},
  year      = {2016},
  publisher = {IEEE}
}
@article{leglaive2018student,
  title     = {Student's t source and mixing models for multichannel audio source separation},
  author    = {Leglaive, Simon and Badeau, Roland and Richard, Ga{\"e}l},
  journal   = {IEEE/ACM Transactions on Audio, Speech, and Language Processing},
  volume    = {26},
  number    = {6},
  pages     = {1154--1168},
  year      = {2018},
  publisher = {IEEE}
}

@article{cmejla2019mirage,
  title   = {MIRaGe: Multichannel Database Of Room Impulse Responses Measured On High-Resolution Cube-Shaped Grid In Multiple Acoustic Conditions},
  author  = {{\v{C}}mejla, Jaroslav and Kounovsk{\`y}, Tom{\'a}{\v{s}} and Gannot, Sharon and Koldovsk{\`y}, Zbyn{\v{e}}k and Tandeitnik, Pinchas},
  journal = {arXiv preprint arXiv:1907.12421},
  year    = {2019}
}

%%% CH: ESTIMATION %%%%%%%%%%%%%%%%%%%%
@article{krim1996two,
  title     = {Two decades of array signal processing research: the parametric approach},
  author    = {Krim, Hamid and Viberg, Mats},
  journal   = {IEEE signal processing magazine},
  volume    = {13},
  number    = {4},
  pages     = {67--94},
  year      = {1996},
  publisher = {IEEE}
}

@article{glentis1999efficient,
  title     = {Efficient least squares adaptive algorithms for FIR transversal filtering},
  author    = {Glentis, G-O and Berberidis, Kostas and Theodoridis, Sergios},
  journal   = {IEEE signal processing magazine},
  volume    = {16},
  number    = {4},
  pages     = {13--41},
  year      = {1999},
  publisher = {IEEE}
}
@article{vetterli2002sampling,
  title     = {Sampling signals with finite rate of innovation},
  author    = {Vetterli, Martin and Marziliano, Pina and Blu, Thierry},
  journal   = {IEEE transactions on Signal Processing},
  volume    = {50},
  number    = {6},
  pages     = {1417--1428},
  year      = {2002},
  publisher = {IEEE}
}


@inproceedings{crocco2016estimation,
  title={Estimation of TDOA for room reflections by iterative weighted l 1 constraint},
  author={Crocco, Marco and Del Bue, Alessio},
  booktitle={2016 IEEE International Conference on Acoustics, Speech and Signal Processing (ICASSP)},
  pages={3201--3205},
  year={2016},
  organization={IEEE}
}
@article{kowalczyk2013blind,
  title={Blind system identification using sparse learning for TDOA estimation of room reflections},
  author={Kowalczyk, Konrad and Habets, Emanu{\"e}l AP and Kellermann, Walter and Naylor, Patrick A},
  journal={IEEE Signal Processing Letters},
  volume={20},
  number={7},
  pages={653--656},
  year={2013},
  publisher={IEEE}
}
@inproceedings{ferguson2019improved,
  title        = {Improved multipath time delay estimation using cepstrum subtraction},
  author       = {Ferguson, Eric L and Williams, Stefan B and Jin, Craig T},
  booktitle    = {ICASSP 2019-2019 IEEE International Conference on Acoustics, Speech and Signal Processing (ICASSP)},
  pages        = {551--555},
  year         = {2019},
  organization = {IEEE}
}
@phdthesis{peic2020sparse,
  title       = {Sparse and Parametric Modeling with Applications to Acoustics and Audio},
  author      = {Tukuljac, Helena Peic},
  year        = {2020},
  school = {\'{E}cole polytechnique f\'{e}d\'{e}rale de Lausanne}
}
@phdthesis{tervo2011localization,
  title     = {Localization and tracing of early acoustic reflections},
  author    = {Tervo, Sakari},
  year      = {2011},
  publisher = {Aalto University}
}

@inproceedings{bock2012evaluating,
  title     = {Evaluating the Online Capabilities of Onset Detection Methods.},
  author    = {B{\"o}ck, Sebastian and Krebs, Florian and Schedl, Markus},
  booktitle = {ISMIR},
  pages     = {49--54},
  year      = {2012}
}

@inproceedings{ahmad2006proportionate,
  title        = {Proportionate frequency domain adaptive algorithms for blind channel identification},
  author       = {Ahmad, Rehan and Khong, Andy WH and Naylor, Patrick A},
  booktitle    = {2006 IEEE International Conference on Acoustics Speech and Signal Processing Proceedings},
  volume       = {5},
  pages        = {V--V},
  year         = {2006},
  organization = {IEEE}
}
@inproceedings{varzandeh2017iterative,
  title        = {An iterative multichannel subspace-based covariance subtraction method for relative transfer function estimation},
  author       = {Varzandeh, Reza and Taseska, Maja and Habets, Emanu{\"e}l AP},
  booktitle    = {2017 Hands-free Speech Communications and Microphone Arrays (HSCMA)},
  pages        = {11--15},
  year         = {2017},
  organization = {IEEE}
}
@inproceedings{tammen2018iterative,
  title        = {Iterative Alternating Least-Squares Approach to Jointly Estimate the RETFs and the Diffuse PSD},
  author       = {Tammen, Marvin and Kodrasi, Ina and Doclo, Simon},
  booktitle    = {Speech Communication; 13th ITG-Symposium},
  pages        = {1--5},
  year         = {2018},
  organization = {VDE}
}

@article{morgan1998evaluation,
  title     = {On the evaluation of estimated impulse responses},
  author    = {Morgan, Dennis R and Benesty, Jacob and Sondhi, M Mohan},
  journal   = {IEEE Signal processing letters},
  volume    = {5},
  number    = {7},
  pages     = {174--176},
  year      = {1998},
  publisher = {IEEE}
}



@article{jia2017extraction,
  title     = {Extraction of echo characteristics of underwater target based on cepstrum method},
  author    = {Jia, Hongjian and Li, Xiukun and Meng, Xiangxia and Yang, Yang},
  journal   = {Journal of Marine Science and Application},
  volume    = {16},
  number    = {2},
  pages     = {216--224},
  year      = {2017},
  publisher = {Springer}
}
@article{deleforge2015acoustic,
  title     = {Acoustic space learning for sound-source separation and localization on binaural manifolds},
  author    = {Deleforge, Antoine and Forbes, Florence and Horaud, Radu},
  journal   = {International journal of neural systems},
  volume    = {25},
  number    = {01},
  pages     = {1440003},
  year      = {2015},
  publisher = {World Scientific}
}


@incollection{dibiase2001robust,
  title     = {Robust localization in reverberant rooms},
  author    = {DiBiase, Joseph H and Silverman, Harvey F and Brandstein, Michael S},
  booktitle = {Microphone Arrays},
  pages     = {157--180},
  year      = {2001},
  publisher = {Springer}
}

@inproceedings{ribeiro2010turning,
  title        = {Turning enemies into friends: Using reflections to improve sound source localization},
  author       = {Ribeiro, Fl{\'a}vio and Ba, Demba and Zhang, Cha and Flor{\^e}ncio, Dinei},
  booktitle    = {2010 IEEE International Conference on Multimedia and Expo},
  pages        = {731--736},
  year         = {2010},
  organization = {IEEE}
}
@article{chi2011sensitivity,
  title     = {Sensitivity to basis mismatch in compressed sensing},
  author    = {Chi, Yuejie and Scharf, Louis L and Pezeshki, Ali and Calderbank, A Robert},
  journal   = {IEEE Transactions on Signal Processing},
  volume    = {59},
  number    = {5},
  pages     = {2182--2195},
  year      = {2011},
  publisher = {IEEE}
}

@article{dokmanic2015raking,
  title     = {Raking the cocktail party},
  author    = {Dokmani{\'c}, Ivan and Scheibler, Robin and Vetterli, Martin},
  journal   = {IEEE journal of selected topics in signal processing},
  volume    = {9},
  number    = {5},
  pages     = {825--836},
  year      = {2015},
  publisher = {IEEE}
}

@article{qi2019broadband,
  title={A Broadband Kalman Filtering Approach to Blind Multichannel Identification},
  author={Qi, Yuanlei and Yang, Feiran and Wu, Ming and Yang, Jun},
  journal={IEICE Transactions on Fundamentals of Electronics, Communications and Computer Sciences},
  volume={102},
  number={6},
  pages={788--795},
  year={2019},
  publisher={The Institute of Electronics, Information and Communication Engineers}
}

@article{huang2003class,
  title={A class of frequency-domain adaptive approaches to blind multichannel identification},
  author={Huang, Yiteng and Benesty, Jacob},
  journal={IEEE Transactions on signal processing},
  volume={51},
  number={1},
  pages={11--24},
  year={2003},
  publisher={IEEE}
}
@inproceedings{sun2011joint,
  title={Joint DOA and TDOA estimation for 3D localization of reflective surfaces using eigenbeam MVDR and spherical microphone arrays},
  author={Sun, Haohai and Mabande, Edwin and Kowalczyk, Konrad and Kellermann, Walter},
  booktitle={2011 IEEE International Conference on Acoustics, Speech and Signal Processing (ICASSP)},
  pages={113--116},
  year={2011},
  organization={IEEE}
}
@article{tong1994blind,
  title={Blind identification and equalization based on second-order statistics: A time domain approach},
  author={Tong, Lang and Xu, Guanghan and Kailath, Thomas},
  journal={IEEE Transactions on information Theory},
  volume={40},
  number={2},
  pages={340--349},
  year={1994},
  publisher={IEEE}
}


@article{tong1998multichannel,
  title={Multichannel blind identification: From subspace to maximum likelihood methods},
  author={Tong, Lang and Perreau, Sylvie},
  journal={Proceedings of the IEEE},
  volume={86},
  number={10},
  pages={1951--1968},
  year={1998},
  publisher={IEEE}
}
@article{cecchi2018room,
  title={Room response equalization—A review},
  author={Cecchi, Stefania and Carini, Alberto and Spors, Sascha},
  journal={Applied Sciences},
  volume={8},
  number={1},
  pages={16},
  year={2018},
  publisher={Multidisciplinary Digital Publishing Institute}
}

@article{vairetti2017scalable,
  title={A scalable algorithm for physically motivated and sparse approximation of room impulse responses with orthonormal basis functions},
  author={Vairetti, Giacomo and De Sena, Enzo and Catrysse, Michael and Jensen, S{\o}ren Holdt and Moonen, Marc and van Waterschoot, Toon},
  journal={IEEE/ACM Transactions on Audio, Speech, and Language Processing},
  volume={25},
  number={7},
  pages={1547--1561},
  year={2017},
  publisher={IEEE}
}

@inproceedings{krishnan2015robust,
  title={A robust sparse approach to acoustic impulse response shaping},
  author={Krishnan, Lakshmi and Teal, Paul D and Betlehem, Terence},
  booktitle={2015 IEEE International Conference on Acoustics, Speech and Signal Processing (ICASSP)},
  pages={738--742},
  year={2015},
  organization={IEEE}
}

@inproceedings{jensen2019method,
  title={An EM method for multichannel TOA and DOA estimation of acoustic echoes},
  author={Jensen, Jesper Rindom and Saqib, Usama and Gannot, Sharon},
  booktitle={2019 IEEE Workshop on Applications of Signal Processing to Audio and Acoustics (WASPAA)},
  pages={120--124},
  year={2019},
  organization={IEEE}
}

@article{condat2015cadzow,
  title={Cadzow denoising upgraded: A new projection method for the recovery of Dirac pulses from noisy linear measurements},
  author={Condat, Laurent and Hirabayashi, Akira},
  year={2015}
}
@article{bertin2019voicehome,
  title     = {VoiceHome-2, an extended corpus for multichannel speech processing in real homes},
  author    = {Bertin, Nancy and Camberlein, Ewen and Lebarbenchon, Romain and Vincent, Emmanuel and Sivasankaran, Sunit and Illina, Irina and Bimbot, Fr{\'e}d{\'e}ric},
  journal   = {Speech Communication},
  volume    = {106},
  pages     = {68--78},
  year      = {2019},
  publisher = {Elsevier}
}
@inproceedings{betlehem2012efficient,
  title={Efficient crosstalk canceler design with impulse response shortening filters},
  author={Betlehem, Terence and Teal, Paul D and Hioka, Yusuke},
  booktitle={2012 IEEE International Conference on Acoustics, Speech and Signal Processing (ICASSP)},
  pages={393--396},
  year={2012},
  organization={IEEE}
}
@inproceedings{genovese2019blind,
  title        = {Blind room volume estimation from single-channel noisy speech},
  author       = {Genovese, Andrea F and Gamper, Hannes and Pulkki, Ville and Raghuvanshi, Nikunj and Tashev, Ivan J},
  booktitle    = {ICASSP 2019-2019 IEEE International Conference on Acoustics, Speech and Signal Processing (ICASSP)},
  pages        = {231--235},
  year         = {2019},
  organization = {IEEE}
}


@article{szoke2019building,
  title={Building and evaluation of a real room impulse response dataset},
  author={Sz{\"o}ke, Igor and Sk{\'a}cel, Miroslav and Mo{\v{s}}ner, Ladislav and Paliesek, Jakub and {\v{C}}ernock{\`y}, Jan Honza},
  journal={IEEE Journal of Selected Topics in Signal Processing},
  volume={13},
  number={4},
  pages={863--876},
  year={2019},
  publisher={IEEE}
}

@article{koldovsky2015spatial,
  title={Spatial source subtraction based on incomplete measurements of relative transfer function},
  author={Koldovsk{\`y}, Zbyn{\v{e}}k and M{\'a}lek, Ji{\v{r}}{\'\i} and Gannot, Sharon},
  journal={IEEE/ACM Transactions on Audio, Speech, and Language Processing},
  volume={23},
  number={8},
  pages={1335--1347},
  year={2015},
  publisher={IEEE}
}
@inproceedings{crocco2014towards,
  title={Towards fully uncalibrated room reconstruction with sound},
  author={Crocco, Marco and Trucco, Andrea and Murino, Vittorio and Del Bue, Alessio},
  booktitle={2014 22nd European Signal Processing Conference (EUSIPCO)},
  pages={910--914},
  year={2014},
  organization={IEEE}
}
@inproceedings{jensen2019method,
  title={An EM method for multichannel TOA and DOA estimation of acoustic echoes},
  author={Jensen, Jesper Rindom and Saqib, Usama and Gannot, Sharon},
  booktitle={2019 IEEE Workshop on Applications of Signal Processing to Audio and Acoustics (WASPAA)},
  pages={120--124},
  year={2019},
  organization={IEEE}
}
@inproceedings{lin2008blind,
  title     = {Blind channel identification for speech dereverberation using l1-norm sparse learning},
  author    = {Lin, Yuanqing and Chen, Jingdong and Kim, Youngmoo and Lee, Daniel D},
  booktitle = {Advances in Neural Information Processing Systems},
  pages     = {921--928},
  year      = {2008}
}

@inproceedings{lin2007blind,
  title        = {Blind sparse-nonnegative (BSN) channel identification for acoustic time-difference-of-arrival estimation},
  author       = {Lin, Yuanqing and Chen, Jingdong and Kim, Youngmoo and Lee, Daniel D},
  booktitle    = {2007 IEEE Workshop on Applications of Signal Processing to Audio and Acoustics},
  pages        = {106--109},
  year         = {2007},
  organization = {IEEE}
}

@inproceedings{crocco2015room,
  title        = {Room impulse response estimation by iterative weighted l 1-norm},
  author       = {Crocco, Marco and Del Bue, Alessio},
  booktitle    = {2015 23rd European Signal Processing Conference (EUSIPCO)},
  pages        = {1895--1899},
  year         = {2015},
  organization = {IEEE}
}

@article{lin2006bayesian,
  title={Bayesian regularization and nonnegative deconvolution for room impulse response estimation},
  author={Lin, Yuanqing and Lee, Daniel D},
  journal={IEEE Transactions on Signal Processing},
  volume={54},
  number={3},
  pages={839--847},
  year={2006},
  publisher={IEEE}
}

@article{crocco2017uncalibrated,
  title={Uncalibrated 3D room geometry estimation from sound impulse responses},
  author={Crocco, Marco and Trucco, Andrea and Del Bue, Alessio},
  journal={Journal of the Franklin Institute},
  volume={354},
  number={18},
  pages={8678--8709},
  year={2017},
  publisher={Elsevier}
}

@inproceedings{condat2013robust,
  title={Robust spike train recovery from noisy data by structured low rank approximation},
  author={Condat, Laurent and Hirabayashi, Akira},
  booktitle={Int. Conf. Sampl. Theory Appl.(SAMPTA), Bremen, Germany},
  year={2013}
}
@article{defrance2008finding,
  title={Finding the onset of a room impulse response: Straightforward?},
  author={Defrance, Guillaume and Daudet, Laurent and Polack, Jean-Dominique},
  journal={The Journal of the Acoustical Society of America},
  volume={124},
  number={4},
  pages={EL248--EL254},
  year={2008},
  publisher={Acoustical Society of America}
}
@inproceedings{defrance2008detecting,
  title={Detecting arrivals within room impulse responses using matching pursuit},
  author={Defrance, Guillaume and Daudet, Laurent and Polack, Jean-Dominique},
  booktitle={Proc. of the 11th Int. Conference on Digital Audio Effects (DAFx-08), Espoo, Finland},
  volume={10},
  pages={307--316},
  year={2008},
  organization={Citeseer}
}
@article{naylor2006estimation,
  title={Estimation of glottal closure instants in voiced speech using the DYPSA algorithm},
  author={Naylor, Patrick A and Kounoudes, Anastasis and Gudnason, Jon and Brookes, Mike},
  journal={IEEE Transactions on Audio, Speech, and Language Processing},
  volume={15},
  number={1},
  pages={34--43},
  year={2006},
  publisher={IEEE}
}

@article{remaggi2016acoustic,
  title={Acoustic reflector localization: novel image source reversion and direct localization methods},
  author={Remaggi, Luca and Jackson, Philip JB and Coleman, Philip and Wang, Wenwu},
  journal={IEEE/ACM Transactions on Audio, Speech, and Language Processing},
  volume={25},
  number={2},
  pages={296--309},
  year={2016},
  publisher={IEEE}
}

@article{remaggi2019modeling,
  title     = {Modeling the Comb Filter Effect and Interaural Coherence for Binaural Source Separation},
  author    = {Remaggi, Luca and Jackson, Philip JB and Wang, Wenwu},
  journal   = {IEEE/ACM Transactions on Audio, Speech, and Language Processing},
  volume    = {27},
  number    = {12},
  pages     = {2263--2277},
  year      = {2019},
  publisher = {IEEE}
}

@article{usher2010improved,
  title={An improved method to determine the onset timings of reflections in an acoustic impulse response},
  author={Usher, John},
  journal={The Journal of the Acoustical Society of America},
  volume={127},
  number={4},
  pages={EL172--EL177},
  year={2010},
  publisher={Acoustical Society of America}
}
@article{bello2005tutorial,
  title={A tutorial on onset detection in music signals},
  author={Bello, Juan Pablo and Daudet, Laurent and Abdallah, Samer and Duxbury, Chris and Davies, Mike and Sandler, Mark B},
  journal={IEEE Transactions on speech and audio processing},
  volume={13},
  number={5},
  pages={1035--1047},
  year={2005},
  publisher={IEEE}
}
@inproceedings{cheng2016attack,
  title={An attack/decay model for piano transcription},
  author={Cheng, Tian and Mauch, Matthias and Benetos, Emmanouil and Dixon, Simon and others},
  year={2016},
  organization={ISMIR}
}
@article{kelly2014detecting,
  title={Detecting arrivals in room impulse responses with dynamic time warping},
  author={Kelly, Ian J and Boland, Francis M},
  journal={IEEE/ACM transactions on audio, speech, and language processing},
  volume={22},
  number={7},
  pages={1139--1147},
  year={2014},
  publisher={IEEE}
}
@article{ristic2013detection,
  title={Detection of early reflections using multifractals},
  author={Risti{\'c}, Dragan M and Pavlovi{\'c}, Milan and Pavlovi{\'c}, Dragana {\v{S}}umarac and Reljin, Irini},
  journal={The Journal of the Acoustical Society of America},
  volume={133},
  number={4},
  pages={EL235--EL241},
  year={2013},
  publisher={Acoustical Society of America}
}
@article{pavlovic2016multifractal,
  title={Multifractal analysis of visualized room impulse response for detecting early reflections},
  author={Pavlovi{\'c}, Milan and Risti{\'c}, Dragan M and Reljin, Irini and Miji{\'c}, Miomir},
  journal={The Journal of the Acoustical Society of America},
  volume={139},
  number={5},
  pages={EL113--EL117},
  year={2016},
  publisher={Acoustical Society of America}
}

@article{kuster2008reliability,
  title={Reliability of estimating the room volume from a single room impulse response},
  author={Kuster, Martin},
  journal={The Journal of the Acoustical Society of America},
  volume={124},
  number={2},
  pages={982--993},
  year={2008},
  publisher={Acoustical Society of America}
}

@article{vesa2010segmentation,
  title={Segmentation and analysis of early reflections from a binaural room impulse response},
  author={Vesa, Sampo and Lokki, Tapio},
  journal={Helsinki University of Technology: Technical Report TKK-ME-RI, TKK Reports in Media Technology},
  year={2010}
}
@article{guillemain1996characterization,
  title={Characterization of acoustic signals through continuous linear time-frequency representations},
  author={Guillemain, Philippe and Kronland-Martinet, Richard},
  journal={Proceedings of the IEEE},
  volume={84},
  number={4},
  pages={561--585},
  year={1996},
  publisher={IEEE}
}


@article{al2019early,
  title={Early reflection detection using autocorrelation to improve robustness of speaker verification in reverberant conditions},
  author={Al-Karawi, Khamis A and Mohammed, Duraid Y},
  journal={International Journal of Speech Technology},
  volume={22},
  number={4},
  pages={1077--1084},
  year={2019},
  publisher={Springer}
}

@inproceedings{farina2007advancements,
  title={Advancements in impulse response measurements by sine sweeps},
  author={Farina, Angelo},
  booktitle={Audio Engineering Society Convention 122},
  year={2007},
  organization={Audio Engineering Society}
}

@inproceedings{el2017time,
  title={Time of arrival disambiguation using the linear Radon transform},
  author={El Baba, Youssef and Walther, Andreas and Habets, Emanu{\"e}l AP},
  booktitle={2017 IEEE International Conference on Acoustics, Speech and Signal Processing (ICASSP)},
  pages={106--110},
  year={2017},
  organization={IEEE}
}

@inproceedings{jager2016room,
  title={Room geometry estimation from acoustic echoes using graph-based echo labeling},
  author={Jager, Ingmar and Heusdens, Richard and Gaubitch, Nikolay D},
  booktitle={2016 IEEE International Conference on Acoustics, Speech and Signal Processing (ICASSP)},
  pages={1--5},
  year={2016},
  organization={IEEE}
}
@article{dokmanic2013acoustic,
  title={Acoustic echoes reveal room shape},
  author={Dokmani{\'c}, Ivan and Parhizkar, Reza and Walther, Andreas and Lu, Yue M and Vetterli, Martin},
  journal={Proceedings of the National Academy of Sciences},
  volume={110},
  number={30},
  pages={12186--12191},
  year={2013},
  publisher={National Acad Sciences}
}

@article{schroeder1979integrated,
  title     = {Integrated-impulse method measuring sound decay without using impulses},
  author    = {Schroeder, Manfred R},
  journal   = {The Journal of the Acoustical Society of America},
  volume    = {66},
  number    = {2},
  pages     = {497--500},
  year      = {1979},
  publisher = {Acoustical Society of America}
}

@article{dunn1993distortion,
  title     = {Distortion immunity of MLS-derived impulse response measurements},
  author    = {Dunn, Chris and Hawksford, Malcolm J},
  journal   = {Journal of the Audio Engineering Society},
  volume    = {41},
  number    = {5},
  pages     = {314--335},
  year      = {1993},
  publisher = {Audio Engineering Society}
}

@inproceedings{farina2000simultaneous,
  title        = {Simultaneous measurement of impulse response and distortion with a swept-sine technique},
  author       = {Farina, Angelo},
  booktitle    = {Audio Engineering Society Convention 108},
  year         = {2000},
  organization = {Audio Engineering Society}
}
@inproceedings{koldovsky2015sparse,
  title        = {Sparse reconstruction of incomplete relative transfer function: Discrete and continuous time domain},
  author       = {Koldovsky, Zbynek and Tichavsky, Petr},
  booktitle    = {2015 23rd European Signal Processing Conference (EUSIPCO)},
  pages        = {394--398},
  year         = {2015},
  organization = {IEEE}
}


@article{aoshima1981computer,
  title     = {Computer-generated pulse signal applied for sound measurement},
  author    = {Aoshima, Nobuharu},
  journal   = {The Journal of the Acoustical Society of America},
  volume    = {69},
  number    = {5},
  pages     = {1484--1488},
  year      = {1981},
  publisher = {Acoustical Society of America}
}






#### CHAPTER : BRIOCHE ########################################################
@inproceedings{rix2001perceptual,
  title={Perceptual evaluation of speech quality (PESQ)-a new method for speech quality assessment of telephone networks and codecs},
  author={Rix, Antony W and Beerends, John G and Hollier, Michael P and Hekstra, Andries P},
  booktitle={2001 IEEE International Conference on Acoustics, Speech, and Signal Processing. Proceedings (Cat. No. 01CH37221)},
  volume={2},
  pages={749--752},
  year={2001},
  organization={IEEE}
}

@article{falk2010non,
  title={A non-intrusive quality and intelligibility measure of reverberant and dereverberated speech},
  author={Falk, Tiago H and Zheng, Chenxi and Chan, Wai-Yip},
  journal={IEEE Transactions on Audio, Speech, and Language Processing},
  volume={18},
  number={7},
  pages={1766--1774},
  year={2010},
  publisher={IEEE}
}
@article{antonacci2012inference,
  title={Inference of room geometry from acoustic impulse responses},
  author={Antonacci, Fabio and Filos, Jason and Thomas, Mark RP and Habets, Emanu{\"e}l AP and Sarti, Augusto and Naylor, Patrick A and Tubaro, Stefano},
  journal={IEEE Transactions on Audio, Speech, and Language Processing},
  volume={20},
  number={10},
  pages={2683--2695},
  year={2012},
  publisher={IEEE}
}
@article{tervo2015direction,
  title     = {Direction of arrival estimation of reflections from room impulse responses using a spherical microphone array},
  author    = {Tervo, Sakari and Politis, Archontis},
  journal   = {IEEE/ACM Transactions on Audio, Speech, and Language Processing},
  volume    = {23},
  number    = {10},
  pages     = {1539--1551},
  year      = {2015},
  publisher = {IEEE}
}
@inproceedings{tervo20123d,
  title        = {3D room geometry estimation from measured impulse responses},
  author       = {Tervo, Sakari and Tossavainen, Timo},
  booktitle    = {2012 IEEE International Conference on Acoustics, Speech and Signal Processing (ICASSP)},
  pages        = {513--516},
  year         = {2012},
  organization = {IEEE}
}
@thesis{tervo2011localization,
  title     = {Localization and tracing of early acoustic reflections},
  author    = {Tervo, Sakari},
  year      = {2011},
  publisher = {Citeseer}
}

@article{tervo2011estimation,
  title     = {Estimation of reflections from impulse responses},
  author    = {Tervo, Sakari and Korhonen, Teemu and Lokki, Tapio},
  journal   = {Building Acoustics},
  volume    = {18},
  number    = {1-2},
  pages     = {159--173},
  year      = {2011},
  publisher = {SAGE Publications Sage UK: London, England}
}

@inproceedings{filos2011robust,
  title={Robust inference of room geometry from acoustic measurements using the Hough transform},
  author={Filos, Jason and Canclini, Antonio and Thomas, Mark RP and Antonacci, Fabio and Sarti, Augusto and Naylor, Patrick A},
  booktitle={2011 19th European Signal Processing Conference},
  pages={161--165},
  year={2011},
  organization={IEEE}
}
@inproceedings{scheuing2006disambiguation,
  title={Disambiguation of TDOA estimates in multi-path multi-source environments (DATEMM)},
  author={Scheuing, Jan and Yang, Bin},
  booktitle={2006 IEEE International Conference on Acoustics Speech and Signal Processing Proceedings},
  volume={4},
  pages={IV--IV},
  year={2006},
  organization={IEEE}
}
@article{loutridis2005decomposition,
  title     = {Decomposition of impulse responses using complex wavelets},
  author    = {Loutridis, Spyros J},
  journal   = {Journal of the Audio Engineering Society},
  volume    = {53},
  number    = {9},
  pages     = {796--811},
  year      = {2005},
  publisher = {Audio Engineering Society}
}
@article{roy1986esprit,
  title     = {ESPRIT--A subspace rotation approach to estimation of parameters of cisoids in noise},
  author    = {Roy, Robert and Paulraj, Arogyaswami and Kailath, Thomas},
  journal   = {IEEE transactions on acoustics, speech, and signal processing},
  volume    = {34},
  number    = {5},
  pages     = {1340--1342},
  year      = {1986},
  publisher = {IEEE}
}
@inproceedings{antonacci2010geometric,
  title        = {Geometric reconstruction of the environment from its response to multiple acoustic emissions},
  author       = {Antonacci, Fabio and Sarti, Augusto and Tubaro, Stefano},
  booktitle    = {2010 IEEE International Conference on Acoustics, Speech and Signal Processing},
  pages        = {2822--2825},
  year         = {2010},
  organization = {IEEE}
}

@article{schmidt1986multiple,
  title     = {Multiple emitter location and signal parameter estimation},
  author    = {Schmidt, Ralph},
  journal   = {IEEE transactions on antennas and propagation},
  volume    = {34},
  number    = {3},
  pages     = {276--280},
  year      = {1986},
  publisher = {IEEE}
}
@article{taghizadeh2015spatial,
  title     = {Spatial sound localization via multipath euclidean distance matrix recovery},
  author    = {Taghizadeh, Mohammad Javad and Asaei, Afsaneh and Haghighatshoar, Saeid and Garner, Philip N and Bourlard, Herve},
  journal   = {IEEE Journal of Selected Topics in Signal Processing},
  volume    = {9},
  number    = {5},
  pages     = {802--814},
  year      = {2015},
  publisher = {IEEE}
}


@article{salvati2016sound,
  title     = {Sound source and microphone localization from acoustic impulse responses},
  author    = {Salvati, Daniele and Drioli, Carlo and Foresti, Gian Luca},
  journal   = {IEEE Signal Processing Letters},
  volume    = {23},
  number    = {10},
  pages     = {1459--1463},
  year      = {2016},
  publisher = {IEEE}
}
@article{venkateswaran2012localizing,
  title     = {Localizing multiple events using times of arrival: a parallelized, hierarchical approach to the association problem},
  author    = {Venkateswaran, Sriram and Madhow, Upamanyu},
  journal   = {IEEE Transactions on Signal Processing},
  volume    = {60},
  number    = {10},
  pages     = {5464--5477},
  year      = {2012},
  publisher = {IEEE}
}
@article{verhaevert2004direction,
  title     = {Direction of arrival (DOA) parameter estimation with the SAGE algorithm},
  author    = {Verhaevert, Jo and Van Lil, Emmanuel and Van de Capelle, Antoine},
  journal   = {Signal Processing},
  volume    = {84},
  number    = {3},
  pages     = {619--629},
  year      = {2004},
  publisher = {Elsevier}
}
@article{vanderveen1997joint,
  title     = {Joint angle and delay estimation (JADE) for multipath signals arriving at an antenna array},
  author    = {Vanderveen, Michaela C and Papadias, Constantinos B and Paulraj, Arogyaswami},
  journal   = {IEEE Communications letters},
  volume    = {1},
  number    = {1},
  pages     = {12--14},
  year      = {1997},
  publisher = {IEEE}
}


@inproceedings{parhizkar2014single,
  title        = {Single-channel indoor microphone localization},
  author       = {Parhizkar, Reza and Dokmani{\'c}, Ivan and Vetterli, Martin},
  booktitle    = {2014 IEEE International Conference on Acoustics, Speech and Signal Processing (ICASSP)},
  pages        = {1434--1438},
  year         = {2014},
  organization = {IEEE}
}


@inproceedings{annibale2012geometric,
  title        = {Geometric inference of the room geometry under temperature variations},
  author       = {Annibale, Paolo and Filos, Jason and Naylor, Patrick A and Rabenstein, Rudolf},
  booktitle    = {2012 5th International Symposium on Communications, Control and Signal Processing},
  pages        = {1--4},
  year         = {2012},
  organization = {IEEE}
}

@inproceedings{zannini2010improved,
  title={Improved TDOA disambiguation techniques for sound source localization in reverberant environments},
  author={Zannini, Cecilia Maria and Cirillo, Albenzio and Parisi, Raffaele and Uncini, Aurelio},
  booktitle={Proceedings of 2010 IEEE International Symposium on Circuits and Systems},
  pages={2666--2669},
  year={2010},
  organization={IEEE}
}
@article{saqib2020estimation,
  title={Estimation of acoustic echoes using expectation-maximization methods},
  author={Saqib, Usama and Gannot, Sharon and Jensen, Jesper Rindom},
  journal={EURASIP Journal on Audio, Speech, and Music Processing},
  volume={2020},
  number={1},
  pages={1--15},
  year={2020},
  publisher={Springer}
}
@inproceedings{o2010automatic,
  title={Automatic matched filter recovery via the audio camera},
  author={O'Donovan, Adam E and Duraiswami, Ramani and Zotkin, Dmitry N},
  booktitle={2010 IEEE International Conference on Acoustics, Speech and Signal Processing},
  pages={2826--2829},
  year={2010},
  organization={IEEE}
}
@inproceedings{o2008imaging,
  title={Imaging concert hall acoustics using visual and audio cameras},
  author={O'Donovan, Adam and Duraiswami, Ramani and Zotkin, Dmitry},
  booktitle={2008 IEEE International Conference on Acoustics, Speech and Signal Processing},
  pages={5284--5287},
  year={2008},
  organization={IEEE}
}

%%%%%%%%%%%%%%%%%%% CHAPTER BLASTER %%%%%%%%%%%%%%%%%%%%%%%%%%%%%%%%%%%%%%%%%%%
@article{yu2011multi,
  title     = {Multi-Channel $ l\_ $\{$1$\}$ $ Regularized Convex Speech Enhancement Model and Fast Computation by the Split Bregman Method},
  author    = {Yu, Meng and Ma, Wenye and Xin, Jack and Osher, Stanley},
  journal   = {IEEE transactions on audio, speech, and language processing},
  volume    = {20},
  number    = {2},
  pages     = {661--675},
  year      = {2011},
  publisher = {IEEE}
}

@article{park2017compressive,
  title     = {Compressive time delay estimation off the grid},
  author    = {Park, Yongsung and Seong, Woojae and Choo, Youngmin},
  journal   = {The Journal of the Acoustical Society of America},
  volume    = {141},
  number    = {6},
  pages     = {EL585--EL591},
  year      = {2017},
  publisher = {Acoustical Society of America}
}
@article{candes2014towards,
  title     = {Towards a mathematical theory of super-resolution},
  author    = {Cand{\`e}s, Emmanuel J and Fernandez-Granda, Carlos},
  journal   = {Communications on pure and applied Mathematics},
  volume    = {67},
  number    = {6},
  pages     = {906--956},
  year      = {2014},
  publisher = {Wiley Online Library}
}

@article{duval2017sparse,
  title     = {Sparse regularization on thin grids I: the Lasso},
  author    = {Duval, Vincent and Peyr{\'e}, Gabriel},
  journal   = {Inverse Problems},
  volume    = {33},
  number    = {5},
  pages     = {055008},
  year      = {2017},
  publisher = {IOP Publishing}
}

@article{bredies2020sparsity,
  title     = {Sparsity of solutions for variational inverse problems with finite-dimensional data},
  author    = {Bredies, Kristian and Carioni, Marcello},
  journal   = {Calculus of Variations and Partial Differential Equations},
  volume    = {59},
  number    = {1},
  pages     = {14},
  year      = {2020},
  publisher = {Springer}
}

@article{denoyelle2019sliding,
  title     = {The sliding Frank--Wolfe algorithm and its application to super-resolution microscopy},
  author    = {Denoyelle, Quentin and Duval, Vincent and Peyr{\'e}, Gabriel and Soubies, Emmanuel},
  journal   = {Inverse Problems},
  volume    = {36},
  number    = {1},
  pages     = {014001},
  year      = {2019},
  publisher = {IOP Publishing}
}

@article{de2012exact,
  title     = {Exact reconstruction using Beurling minimal extrapolation},
  author    = {De Castro, Yohann and Gamboa, Fabrice},
  journal   = {Journal of Mathematical Analysis and applications},
  volume    = {395},
  number    = {1},
  pages     = {336--354},
  year      = {2012},
  publisher = {Elsevier}
}

@article{rudin1987real,
  title     = {Real and complex analysis (mcgraw-hill international editions: Mathematics series)},
  author    = {Rudin, Walter},
  year      = {1987},
  publisher = {McGraw-Hill Publishing Co. New York}
}
@inproceedings{scheibler2018pyroomacoustics,
  title        = {Pyroomacoustics: A python package for audio room simulation and array processing algorithms},
  author       = {Scheibler, Robin and Bezzam, Eric and Dokmani{\'c}, Ivan},
  booktitle    = {2018 IEEE International Conference on Acoustics, Speech and Signal Processing (ICASSP)},
  pages        = {351--355},
  year         = {2018},
  organization = {IEEE}
}


@article{tibshirani1996regression,
  title     = {Regression shrinkage and selection via the lasso},
  author    = {Tibshirani, Robert},
  journal   = {Journal of the Royal Statistical Society: Series B (Methodological)},
  volume    = {58},
  number    = {1},
  pages     = {267--288},
  year      = {1996},
  publisher = {Wiley Online Library}
}


%%%%%%%%%%%%%%%%%%% CHAPTER BRIOCHE %%%%%%%%%%%%%%%%%%%%%%%%%%%%%%%%%%%%%%%%%%%
@inproceedings{kodrasi2017evd,
  title        = {EVD-based multi-channel dereverberation of a moving speaker using different RETF estimation methods},
  author       = {Kodrasi, Ina and Doclo, Simon},
  booktitle    = {2017 Hands-free Speech Communications and Microphone Arrays (HSCMA)},
  pages        = {116--120},
  year         = {2017},
  organization = {IEEE}
}

%%%%%%%%%%%%%%%%%%% CHAPTER SEPARAKE %%%%%%%%%%%%%%%%%%%%%%%%%%%%%%%%%%%%%%%%%%%
@article{fevotte2009nonnegative,
  title     = {Nonnegative matrix factorization with the Itakura-Saito divergence: With application to music analysis},
  author    = {F{\'e}votte, C{\'e}dric and Bertin, Nancy and Durrieu, Jean-Louis},
  journal   = {Neural computation},
  volume    = {21},
  number    = {3},
  pages     = {793--830},
  year      = {2009},
  publisher = {MIT Press}
}

@article{bee2008cocktail,
  title     = {The cocktail party problem: what is it? How can it be solved? And why should animal behaviorists study it?},
  author    = {Bee, Mark A and Micheyl, Christophe},
  journal   = {Journal of comparative psychology},
  volume    = {122},
  number    = {3},
  pages     = {235},
  year      = {2008},
  publisher = {American Psychological Association}
}

@article{cherry1953cocktail,
  title   = {Cocktail party problem},
  author  = {Cherry, Colin},
  journal = {Journal of the Acoustical Society of America},
  volume  = {25},
  pages   = {975--979},
  year    = {1953}
}
@inproceedings{smaragdis2009sparse,
  title     = {A sparse non-parametric approach for single channel separation of known sounds},
  author    = {Smaragdis, Paris and Shashanka, Madhusudana and Raj, Bhiksha},
  booktitle = {Advances in neural information processing systems},
  pages     = {1705--1713},
  year      = {2009}
}

@inproceedings{schmidt2006single,
  title     = {Single-channel speech separation using sparse non-negative matrix factorization},
  author    = {Schmidt, Mikkel N and Olsson, Rasmus K},
  booktitle = {Ninth International Conference on Spoken Language Processing},
  year      = {2006}
}


@inproceedings{leglaive2015multichannel,
  title        = {Multichannel audio source separation with probabilistic reverberation modeling},
  author       = {Leglaive, Simon and Badeau, Roland and Richard, Ga{\"e}l},
  booktitle    = {2015 IEEE Workshop on Applications of Signal Processing to Audio and Acoustics (WASPAA)},
  pages        = {1--5},
  year         = {2015},
  organization = {IEEE}
}

@article{huang2005blind,
  title     = {A blind channel identification-based two-stage approach to separation and dereverberation of speech signals in a reverberant environment},
  author    = {Huang, Yiteng and Benesty, Jacob and Chen, Jingdong},
  journal   = {IEEE Transactions on Speech and Audio Processing},
  volume    = {13},
  number    = {5},
  pages     = {882--895},
  year      = {2005},
  publisher = {IEEE}
}
@article{li2019expectation,
  title     = {Expectation-maximisation for speech source separation using convolutive transfer function},
  author    = {Li, Xiaofei and Girin, Laurent and Horaud, Radu},
  journal   = {CAAI Transactions on Intelligence Technology},
  volume    = {4},
  number    = {1},
  pages     = {47--53},
  year      = {2019},
  publisher = {IET}
}


@inproceedings{rotili2010joint,
  title        = {Joint multichannel blind speech separation and dereverberation: A real-time algorithmic implementation},
  author       = {Rotili, Rudy and De Simone, Claudio and Perelli, Alessandro and Cifani, Simone and Squartini, Stefano},
  booktitle    = {International Conference on Intelligent Computing},
  pages        = {85--93},
  year         = {2010},
  organization = {Springer}
}

@inproceedings{nesta2012convolutive,
  title        = {Convolutive underdetermined source separation through weighted interleaved ICA and spatio-temporal source correlation},
  author       = {Nesta, Francesco and Omologo, Maurizio},
  booktitle    = {International Conference on Latent Variable Analysis and Signal Separation},
  pages        = {222--230},
  year         = {2012},
  organization = {Springer}
}

@article{asaei2014structured,
  title     = {Structured sparsity models for reverberant speech separation},
  author    = {Asaei, Afsaneh and Golbabaee, Mohammad and Bourlard, Herve and Cevher, Volkan},
  journal   = {IEEE/ACM Transactions on Audio, Speech, and Language Processing},
  volume    = {22},
  number    = {3},
  pages     = {620--633},
  year      = {2014},
  publisher = {IEEE}
}

%%%%% DECHORATE APP %%%%%%%%%%%%%%%%%%%%%%%%%%%%%%%%%%%%%%%%%%%
@article{santos2014updating,
  title     = {Updating the SRMR-CI metric for improved intelligibility prediction for cochlear implant users},
  author    = {Santos, Jo{\~a}o F and Falk, Tiago H},
  journal   = {IEEE/ACM Transactions on Audio, Speech, and Language Processing},
  volume    = {22},
  number    = {12},
  pages     = {2197--2206},
  year      = {2014},
  publisher = {IEEE}
}


@article{flanagan1993spatially,
  title     = {Spatially selective sound capture for speech and audio processing},
  author    = {Flanagan, James L and Surendran, Arun C and Jan, Ea-Ee},
  journal   = {Speech Communication},
  volume    = {13},
  number    = {1-2},
  pages     = {207--222},
  year      = {1993},
  publisher = {Elsevier}
}
@article{peled2013linearly,
  title     = {Linearly-constrained minimum-variance method for spherical microphone arrays based on plane-wave decomposition of the sound field},
  author    = {Peled, Yotam and Rafaely, Boaz},
  journal   = {IEEE transactions on audio, speech, and language processing},
  volume    = {21},
  number    = {12},
  pages     = {2532--2540},
  year      = {2013},
  publisher = {IEEE}
}

@inproceedings{scheibler2015raking,
  title        = {Raking echoes in the time domain},
  author       = {Scheibler, Robin and Dokmani{\'c}, Ivan and Vetterli, Martin},
  booktitle    = {2015 IEEE International Conference on Acoustics, Speech and Signal Processing (ICASSP)},
  pages        = {554--558},
  year         = {2015},
  organization = {IEEE}
}

@article{kuster2012objective,
  title     = {Objective sound field analysis based on the coherence estimated from two microphone signals},
  author    = {Kuster, Martin},
  journal   = {The Journal of the Acoustical Society of America},
  volume    = {131},
  number    = {4},
  pages     = {3284--3284},
  year      = {2012},
  publisher = {Acoustical Society of America}
}

@book{naylor2010dereverberation,
  title    = {Dereverberation, Speech},
  author   = {Patrick Naylor and Gaubitch, Eds},
  year      = {2010},
  publisher = {Berlin, Germany: Springer-Verlag}
}

@inproceedings{cauchi2014joint,
  title     = {Joint dereverberation and noise reduction using beamforming and a single-channel speech enhancement scheme},
  author    = {Cauchi, Benjamin and Kodrasi, Ina and Rehr, Robert and Gerlach, Stephan and Jukic, Ante and Gerkmann, Timo and Doclo, Simon and Goetze, Stefan},
  booktitle = {Proc. REVERB challenge workshop},
  volume    = {1},
  pages     = {1--8},
  year      = {2014}
}

@article{thiergart2014informed,
  title     = {An informed parametric spatial filter based on instantaneous direction-of-arrival estimates},
  author    = {Thiergart, Oliver and Taseska, Maja and Habets, Emanu{\"e}l AP},
  journal   = {IEEE/ACM Transactions on Audio, Speech, and Language Processing},
  volume    = {22},
  number    = {12},
  pages     = {2182--2196},
  year      = {2014},
  publisher = {IEEE}
}
@article{schwartz2014multi,
  title     = {Multi-microphone speech dereverberation and noise reduction using relative early transfer functions},
  author    = {Schwartz, Ofer and Gannot, Sharon and Habets, Emanu{\"e}l AP},
  journal   = {IEEE/ACM Transactions on Audio, Speech, and Language Processing},
  volume    = {23},
  number    = {2},
  pages     = {240--251},
  year      = {2014},
  publisher = {IEEE}
}
@inproceedings{schwartz2016joint,
  title        = {Joint estimation of late reverberant and speech power spectral densities in noisy environments using Frobenius norm},
  author       = {Schwartz, Ofer and Gannot, Sharon and Habets, Emanu{\"e}l AP},
  booktitle    = {2016 24th European Signal Processing Conference (EUSIPCO)},
  pages        = {1123--1127},
  year         = {2016},
  organization = {IEEE}
}

@inproceedings{eaton2015ace,
  title        = {The ACE challenge—Corpus description and performance evaluation},
  author       = {Eaton, James and Gaubitch, Nikolay D and Moore, Alastair H and Naylor, Patrick A},
  booktitle    = {2015 IEEE Workshop on Applications of Signal Processing to Audio and Acoustics (WASPAA)},
  pages        = {1--5},
  year         = {2015},
  organization = {IEEE}
}


%%%% INTRO %%%%%%%%%%%%%%%%%%%%%%
@article{lindau2012perceptual,
  title     = {Perceptual evaluation of model-and signal-based predictors of the mixing time in binaural room impulse responses},
  author    = {Lindau, Alexander and Kosanke, Linda and Weinzierl, Stefan},
  journal   = {Journal of the Audio Engineering Society},
  volume    = {60},
  number    = {11},
  pages     = {887--898},
  year      = {2012},
  publisher = {Audio Engineering Society}
}

@article{kolarik2014summary,
  title     = {A summary of research investigating echolocation abilities of blind and sighted humans},
  author    = {Kolarik, Andrew J and Cirstea, Silvia and Pardhan, Shahina and Moore, Brian CJ},
  journal   = {Hearing research},
  volume    = {310},
  pages     = {60--68},
  year      = {2014},
  publisher = {Elsevier}
}

@article{huggett1953human,
  title     = {Human Senses},
  author    = {Huggett, A St G},
  journal   = {British Medical Journal},
  volume    = {2},
  number    = {4851},
  pages     = {1417},
  year      = {1953},
  publisher = {BMJ Publishing Group}
}

@article{sokol2017thoughts,
  title   = {The thoughts of a spiderweb},
  author  = {Sokol, Joshua},
  journal = {Obtenido de: https://www. quantamagazine. org/the-thoughts-of-a-spiderweb-20170523},
  year    = {2017}
}
@book{sacks2014musicofilia,
  title     = {Musicofilia},
  author    = {Sacks, Oliver},
  year      = {2014},
  publisher = {Adelphi Edizioni spa}
}
@article{bregman1990auditory,
  title   = {Auditory scene analysis},
  author  = {Bregman, Albert S},
  journal = {McAdams and Bigand, editors, Thinking in Sound},
  pages   = {10--36},
  year    = {1990}
}
@inproceedings{jan1995matched,
  title        = {Matched-filter processing of microphone array for spatial volume selectivity},
  author       = {Jan, E and Svaizer, Piergiorgio and Flanagan, James L},
  booktitle    = {Proceedings of ISCAS'95-International Symposium on Circuits and Systems},
  volume       = {2},
  pages        = {1460--1463},
  year         = {1995},
  organization = {IEEE}
}

@inproceedings{jan1996sound,
  title        = {Sound capture from spatial volumes: Matched-filter processing of microphone arrays having randomly-distributed sensors},
  author       = {Jan, Ea-Ee and Flanagan, James},
  booktitle    = {1996 IEEE International Conference on Acoustics, Speech, and Signal Processing Conference Proceedings},
  volume       = {2},
  pages        = {917--920},
  year         = {1996},
  organization = {IEEE}
}

@article{flanagan1993spatially,
  title     = {Spatially selective sound capture for speech and audio processing},
  author    = {Flanagan, James L and Surendran, Arun C and Jan, Ea-Ee},
  journal   = {Speech Communication},
  volume    = {13},
  number    = {1-2},
  pages     = {207--222},
  year      = {1993},
  publisher = {Elsevier}
}
@book{tufte1983visual,
  title     = {The visual display of quantitative information},
  author    = {Tufte, Edward R and Graves-Morris, Peter R},
  volume    = {2},
  number    = {9},
  year      = {1983},
  publisher = {Graphics press Cheshire, CT}
}
@article{vincent2014blind,
  title     = {From blind to guided audio source separation: How models and side information can improve the separation of sound},
  author    = {Vincent, Emmanuel and Bertin, Nancy and Gribonval, R{\'e}mi and Bimbot, Fr{\'e}d{\'e}ric},
  journal   = {IEEE Signal Processing Magazine},
  volume    = {31},
  number    = {3},
  pages     = {107--115},
  year      = {2014},
  publisher = {IEEE}
}


%%%% APPLICATION : SSL %%%%%%%%
@article{vesa2009binaural,
  title     = {Binaural sound source distance learning in rooms},
  author    = {Vesa, Sampo},
  journal   = {IEEE Transactions on Audio, Speech, and Language Processing},
  volume    = {17},
  number    = {8},
  pages     = {1498--1507},
  year      = {2009},
  publisher = {IEEE}
}
@inproceedings{bertin2016joint,
  title        = {Joint estimation of sound source location and boundary impedance with physics-driven cosparse regularization},
  author       = {Bertin, Nancy and Kiti{\'c}, Sr{\dj}an and Gribonval, R{\'e}mi},
  booktitle    = {2016 IEEE International Conference on Acoustics, Speech and Signal Processing (ICASSP)},
  pages        = {6340--6344},
  year         = {2016},
  organization = {IEEE}
}
@inproceedings{dmochowski2007broadband,
  title        = {Broadband MUSIC: Opportunities and challenges for multiple source localization},
  author       = {Dmochowski, Jacek P and Benesty, Jacob and Affes, Sofiene},
  booktitle    = {2007 IEEE Workshop on Applications of Signal Processing to Audio and Acoustics},
  pages        = {18--21},
  year         = {2007},
  organization = {IEEE}
}
@article{stoica1990maximum,
  title     = {Maximum likelihood methods for direction-of-arrival estimation},
  author    = {Stoica, Petre and Sharman, Kenneth C},
  journal   = {IEEE Transactions on Acoustics, Speech, and Signal Processing},
  volume    = {38},
  number    = {7},
  pages     = {1132--1143},
  year      = {1990},
  publisher = {IEEE}
}
@article{knapp1976generalized,
  title     = {The generalized correlation method for estimation of time delay},
  author    = {Knapp, Charles and Carter, Glifford},
  journal   = {IEEE transactions on acoustics, speech, and signal processing},
  volume    = {24},
  number    = {4},
  pages     = {320--327},
  year      = {1976},
  publisher = {IEEE}
}
@inproceedings{chakrabarty2017broadband,
  title        = {Broadband DOA estimation using convolutional neural networks trained with noise signals},
  author       = {Chakrabarty, Soumitro and Habets, Emanu{\"e}l AP},
  booktitle    = {2017 IEEE Workshop on Applications of Signal Processing to Audio and Acoustics (WASPAA)},
  pages        = {136--140},
  year         = {2017},
  organization = {IEEE}
}
@inproceedings{krekovic2016echoslam,
  title        = {EchoSLAM: Simultaneous localization and mapping with acoustic echoes},
  author       = {Krekovi{\'c}, Miranda and Dokmani{\'c}, Ivan and Vetterli, Martin},
  booktitle    = {2016 IEEE International Conference on Acoustics, Speech and Signal Processing (ICASSP)},
  pages        = {11--15},
  year         = {2016},
  organization = {Ieee}
}


@article{rascon2017localization,
  title     = {Localization of sound sources in robotics: A review},
  author    = {Rascon, Caleb and Meza, Ivan},
  journal   = {Robotics and Autonomous Systems},
  volume    = {96},
  pages     = {184--210},
  year      = {2017},
  publisher = {Elsevier}
}
@article{argentieri2015survey,
  title     = {A survey on sound source localization in robotics: From binaural to array processing methods},
  author    = {Argentieri, Sylvain and Dan{\`e}s, Patrick and Sou{\`e}res, Philippe},
  journal   = {Computer Speech \& Language},
  volume    = {34},
  number    = {1},
  pages     = {87--112},
  year      = {2015},
  publisher = {Elsevier}
}
@inproceedings{perotin2018crnn,
  title        = {CRNN-based joint azimuth and elevation localization with the Ambisonics intensity vector},
  author       = {Perotin, Laur{\'e}line and Serizel, Romain and Vincent, Emmanuel and Gu{\'e}rin, Alexandre},
  booktitle    = {2018 16th International Workshop on Acoustic Signal Enhancement (IWAENC)},
  pages        = {241--245},
  year         = {2018},
  organization = {IEEE}
}
@inproceedings{nguyen2018autonomous,
  title  = {Autonomous sensorimotor learning for sound source localization by a humanoid robot},
  author = {Nguyen, Quan and Girin, Laurent and Bailly, G{\'e}rard and Elisei, Fr{\'e}d{\'e}ric and Nguyen, Duc-Canh},
  year   = {2018}
}

@inproceedings{laufer2013relative,
  title        = {Relative transfer function modeling for supervised source localization},
  author       = {Laufer, Bracha and Talmon, Ronen and Gannot, Sharon},
  booktitle    = {2013 IEEE Workshop on Applications of Signal Processing to Audio and Acoustics},
  pages        = {1--4},
  year         = {2013},
  organization = {IEEE}
}

@article{vesperini2018localizing,
  title     = {Localizing speakers in multiple rooms by using deep neural networks},
  author    = {Vesperini, Fabio and Vecchiotti, Paolo and Principi, Emanuele and Squartini, Stefano and Piazza, Francesco},
  journal   = {Computer Speech \& Language},
  volume    = {49},
  pages     = {83--106},
  year      = {2018},
  publisher = {Elsevier}
}
@inproceedings{adavanne2018direction,
  title        = {Direction of arrival estimation for multiple sound sources using convolutional recurrent neural network},
  author       = {Adavanne, Sharath and Politis, Archontis and Virtanen, Tuomas},
  booktitle    = {2018 26th European Signal Processing Conference (EUSIPCO)},
  pages        = {1462--1466},
  year         = {2018},
  organization = {IEEE}
}


%% CH APPL : BEAMFORMING %%
@article{frost1972algorithm,
  title     = {An algorithm for linearly constrained adaptive array processing},
  author    = {Frost, Otis Lamont},
  journal   = {Proceedings of the IEEE},
  volume    = {60},
  number    = {8},
  pages     = {926--935},
  year      = {1972},
  publisher = {IEEE}
}
@article{van1988beamforming,
  title     = {Beamforming: A versatile approach to spatial filtering},
  author    = {Van Veen, Barry D and Buckley, Kevin M},
  journal   = {IEEE assp magazine},
  volume    = {5},
  number    = {2},
  pages     = {4--24},
  year      = {1988},
  publisher = {IEEE}
}
@article{capon1969high,
  title     = {High-resolution frequency-wavenumber spectrum analysis},
  author    = {Capon, Jack},
  journal   = {Proceedings of the IEEE},
  volume    = {57},
  number    = {8},
  pages     = {1408--1418},
  year      = {1969},
  publisher = {IEEE}
}
@article{cox1987robust,
  title     = {Robust adaptive beamforming},
  author    = {Cox, Henry and Zeskind, Robertm and Owen, Markm},
  journal   = {IEEE Transactions on Acoustics, Speech, and Signal Processing},
  volume    = {35},
  number    = {10},
  pages     = {1365--1376},
  year      = {1987},
  publisher = {IEEE}
}
@article{doclo2002gsvd,
  title     = {GSVD-based optimal filtering for single and multimicrophone speech enhancement},
  author    = {Doclo, Simon and Moonen, Marc},
  journal   = {IEEE Transactions on signal processing},
  volume    = {50},
  number    = {9},
  pages     = {2230--2244},
  year      = {2002},
  publisher = {IEEE}
}
@article{cohen2004relative,
  title     = {Relative transfer function identification using speech signals},
  author    = {Cohen, Israel},
  journal   = {IEEE Transactions on Speech and Audio Processing},
  volume    = {12},
  number    = {5},
  pages     = {451--459},
  year      = {2004},
  publisher = {IEEE}
}
@inproceedings{markovich2018performance,
  title        = {Performance analysis of the covariance-whitening and the covariance-subtraction methods for estimating the relative transfer function},
  author       = {Markovich-Golan, Shmulik and Gannot, Sharon and Kellermann, Walter},
  booktitle    = {2018 26th European Signal Processing Conference (EUSIPCO)},
  pages        = {2499--2503},
  year         = {2018},
  organization = {IEEE}
}

@article{li2016estimation,
  title     = {Estimation of the direct-path relative transfer function for supervised sound-source localization},
  author    = {Li, Xiaofei and Girin, Laurent and Horaud, Radu and Gannot, Sharon},
  journal   = {IEEE/ACM Transactions on Audio, Speech, and Language Processing},
  volume    = {24},
  number    = {11},
  pages     = {2171--2186},
  year      = {2016},
  publisher = {IEEE}
}
@article{takao1976adaptive,
  title     = {An adaptive antenna array under directional constraint},
  author    = {Takao, Kazuaki and Fujita, M and Nishi, T},
  journal   = {IEEE Transactions on Antennas and Propagation},
  volume    = {24},
  number    = {5},
  pages     = {662--669},
  year      = {1976},
  publisher = {IEEE}
}
@article{applebaum1976adaptive,
  title     = {Adaptive arrays with main beam constraints},
  author    = {Applebaum, S and Chapman, D},
  journal   = {IEEE Transactions on Antennas and Propagation},
  volume    = {24},
  number    = {5},
  pages     = {650--662},
  year      = {1976},
  publisher = {IEEE}
}
@inproceedings{thiergart2013informed,
  title        = {An informed LCMV filter based on multiple instantaneous direction-of-arrival estimates},
  author       = {Thiergart, Oliver and Habets, Emanu{\"e}l AP},
  booktitle    = {2013 IEEE International Conference on Acoustics, Speech and Signal Processing},
  pages        = {659--663},
  year         = {2013},
  organization = {IEEE}
}
@article{markovich2009multichannel,
  title     = {Multichannel eigenspace beamforming in a reverberant noisy environment with multiple interfering speech signals},
  author    = {Markovich, Shmulik and Gannot, Sharon and Cohen, Israel},
  journal   = {IEEE Transactions on Audio, Speech, and Language Processing},
  volume    = {17},
  number    = {6},
  pages     = {1071--1086},
  year      = {2009},
  publisher = {IEEE}
}

@article{sainath2017multichannel,
  title     = {Multichannel signal processing with deep neural networks for automatic speech recognition},
  author    = {Sainath, Tara N and Weiss, Ron J and Wilson, Kevin W and Li, Bo and Narayanan, Arun and Variani, Ehsan and Bacchiani, Michiel and Shafran, Izhak and Senior, Andrew and Chin, Kean and others},
  journal   = {IEEE/ACM Transactions on Audio, Speech, and Language Processing},
  volume    = {25},
  number    = {5},
  pages     = {965--979},
  year      = {2017},
  publisher = {IEEE}
}
@article{li2016neural,
  title  = {Neural network adaptive beamforming for robust multichannel speech recognition},
  author = {Li, Bo and Sainath, Tara N and Weiss, Ron J and Wilson, Kevin W and Bacchiani, Michiel},
  journal = {Google Research},
  year   = {2016}
}
@inproceedings{xiao2016deep,
  title        = {Deep beamforming networks for multi-channel speech recognition},
  author       = {Xiao, Xiong and Watanabe, Shinji and Erdogan, Hakan and Lu, Liang and Hershey, John and Seltzer, Michael L and Chen, Guoguo and Zhang, Yu and Mandel, Michael and Yu, Dong},
  booktitle    = {2016 IEEE International Conference on Acoustics, Speech and Signal Processing (ICASSP)},
  pages        = {5745--5749},
  year         = {2016},
  organization = {IEEE}
}
@article{salvati2018exploiting,
  title     = {Exploiting CNNs for improving acoustic source localization in noisy and reverberant conditions},
  author    = {Salvati, Daniele and Drioli, Carlo and Foresti, Gian Luca},
  journal   = {IEEE Transactions on Emerging Topics in Computational Intelligence},
  volume    = {2},
  number    = {2},
  pages     = {103--116},
  year      = {2018},
  publisher = {IEEE}
}
@article{tu2019speech,
  title     = {Speech Enhancement Based on Teacher-Student Deep Learning Using Improved Speech Presence Probability for Noise-Robust Speech Recognition},
  author    = {Tu, Yan-Hui and Du, Jun and Lee, Chin-Hui},
  journal   = {IEEE/ACM Transactions on Audio, Speech, and Language Processing},
  volume    = {27},
  number    = {12},
  pages     = {2080--2091},
  year      = {2019},
  publisher = {IEEE}
}
@inproceedings{chazan2018dnn,
  title        = {DNN-based concurrent speakers detector and its application to speaker extraction with LCMV beamforming},
  author       = {Chazan, Shlomo E and Goldberger, Jacob and Gannot, Sharon},
  booktitle    = {2018 IEEE International Conference on Acoustics, Speech and Signal Processing (ICASSP)},
  pages        = {6712--6716},
  year         = {2018},
  organization = {IEEE}
}@inproceedings{chazan2019multi,
  title        = {Multi-microphone speaker separation based on deep DOA estimation},
  author       = {Chazan, Shlomo E and Hammer, Hodaya and Hazan, Gershon and Goldberger, Jacob and Gannot, Sharon},
  booktitle    = {2019 27th European Signal Processing Conference (EUSIPCO)},
  pages        = {1--5},
  year         = {2019},
  organization = {IEEE}
}
@inproceedings{ernst2018speech,
  title        = {Speech dereverberation using fully convolutional networks},
  author       = {Ernst, Ori and Chazan, Shlomo E and Gannot, Sharon and Goldberger, Jacob},
  booktitle    = {2018 26th European Signal Processing Conference (EUSIPCO)},
  pages        = {390--394},
  year         = {2018},
  organization = {IEEE}
}
%%% CH APPL : SEPARATION %%%%
@inbook{ozerov2018introducion,
  author    = {Ozerov, Alexey and F{\'e}votte, C{\'e}dric and Vincent, Emmanuel},
  editor    = {Makino, Shoji},
  title     = {An Introduction to Multichannel NMF for Audio Source Separation},
  booktitle = {Audio Source Separation},
  year      = {2018},
  publisher = {Springer International Publishing},
  address   = {Cham},
  pages     = {73--94},
}

@inproceedings{hershey2016deep,
  author    = {J. R. {Hershey} and Z. {Chen} and J. {Le Roux} and S. {Watanabe}},
  booktitle = {2016 IEEE International Conference on Acoustics, Speech and Signal Processing (ICASSP)},
  title     = {Deep clustering: Discriminative embeddings for segmentation and separation},
  year      = {2016},
  volume    = {},
  number    = {},
  pages     = {31-35}
}

@book{makino2018audio,
  title     = {Audio Source Separation},
  author    = {Makino, Shoji},
  volume    = {433},
  year      = {2018},
  publisher = {Springer}
}
@inproceedings{wang2018multi,
  title        = {Multi-channel deep clustering: Discriminative spectral and spatial embeddings for speaker-independent speech separation},
  author       = {Wang, Zhong-Qiu and Le Roux, Jonathan and Hershey, John R},
  booktitle    = {2018 IEEE International Conference on Acoustics, Speech and Signal Processing (ICASSP)},
  pages        = {1--5},
  year         = {2018},
  organization = {IEEE}
}
@inproceedings{perotin2018multichannel,
  title        = {Multichannel speech separation with recurrent neural networks from high-order ambisonics recordings},
  author       = {Perotin, Laur{\'e}line and Serizel, Romain and Vincent, Emmanuel and Gu{\'e}rin, Alexandre},
  booktitle    = {2018 IEEE International Conference on Acoustics, Speech and Signal Processing (ICASSP)},
  pages        = {36--40},
  year         = {2018},
  organization = {IEEE}
}
@inproceedings{heymann2016neural,
  title        = {Neural network based spectral mask estimation for acoustic beamforming},
  author       = {Heymann, Jahn and Drude, Lukas and Haeb-Umbach, Reinhold},
  booktitle    = {2016 IEEE International Conference on Acoustics, Speech and Signal Processing (ICASSP)},
  pages        = {196--200},
  year         = {2016},
  organization = {IEEE}
}

@inproceedings{sivasankaran2017discriminative,
  title        = {Discriminative importance weighting of augmented training data for acoustic model training},
  author       = {Sivasankaran, Sunit and Vincent, Emmanuel and Illina, Irina},
  booktitle    = {2017 IEEE International Conference on Acoustics, Speech and Signal Processing (ICASSP)},
  pages        = {4885--4889},
  year         = {2017},
  organization = {IEEE}
}

@article{stoter2019open,
  title  = {Open-unmix-a reference implementation for music source separation},
  author = {St{\"o}ter, Fabian-Robert and Uhlich, Stefan and Liutkus, Antoine and Mitsufuji, Yuki},
  year   = {2019}
}

@article{luo2019conv,
  title     = {Conv-tasnet: Surpassing ideal time--frequency magnitude masking for speech separation},
  author    = {Luo, Yi and Mesgarani, Nima},
  journal   = {IEEE/ACM transactions on audio, speech, and language processing},
  volume    = {27},
  number    = {8},
  pages     = {1256--1266},
  year      = {2019},
  publisher = {IEEE}
}

@article{tzinis2020sudo,
  title   = {Sudo rm-rf: Efficient Networks for Universal Audio Source Separation},
  author  = {Tzinis, Efthymios and Wang, Zhepei and Smaragdis, Paris},
  journal = {arXiv preprint arXiv:2007.06833},
  year    = {2020}
}

@article{sawada2013multichannel,
  title     = {Multichannel extensions of non-negative matrix factorization with complex-valued data},
  author    = {Sawada, Hiroshi and Kameoka, Hirokazu and Araki, Shoko and Ueda, Naonori},
  journal   = {IEEE Transactions on Audio, Speech, and Language Processing},
  volume    = {21},
  number    = {5},
  pages     = {971--982},
  year      = {2013},
  publisher = {IEEE}
}

@article{nugraha2016multichannel,
  title     = {Multichannel audio source separation with deep neural networks},
  author    = {Nugraha, Aditya Arie and Liutkus, Antoine and Vincent, Emmanuel},
  journal   = {IEEE/ACM Transactions on Audio, Speech, and Language Processing},
  volume    = {24},
  number    = {9},
  pages     = {1652--1664},
  year      = {2016},
  publisher = {IEEE}
}

@article{fevotte2011algorithms,
  title     = {Algorithms for nonnegative matrix factorization with the $\beta$-divergence},
  author    = {F{\'e}votte, C{\'e}dric and Idier, J{\'e}r{\^o}me},
  journal   = {Neural computation},
  volume    = {23},
  number    = {9},
  pages     = {2421--2456},
  year      = {2011},
  publisher = {MIT Press}
}



%%% CH : MIRAGE %%%%%%%
@inproceedings{kataria2017hearing,
  title        = {Hearing in a shoe-box: binaural source position and wall absorption estimation using virtually supervised learning},
  author       = {Kataria, Saurabh and Gaultier, Cl{\'e}ment and Deleforge, Antoine},
  booktitle    = {2017 IEEE International Conference on Acoustics, Speech and Signal Processing (ICASSP)},
  pages        = {226--230},
  year         = {2017},
  organization = {IEEE}
}

@article{evers2018acoustic,
  title     = {Acoustic slam},
  author    = {Evers, Christine and Naylor, Patrick A},
  journal   = {IEEE/ACM Transactions on Audio, Speech, and Language Processing},
  volume    = {26},
  number    = {9},
  pages     = {1484--1498},
  year      = {2018},
  publisher = {IEEE}
}

@inproceedings{nakashima2010localization,
  title        = {A localization method for multiple sound sources by using coherence function},
  author       = {Nakashima, Hiromichi and Kawamoto, Mitsuru and Mukai, Toshiharu},
  booktitle    = {2010 18th European Signal Processing Conference},
  pages        = {130--134},
  year         = {2010},
  organization = {IEEE}
}

@inproceedings{an2018reflection,
  title        = {Reflection-aware sound source localization},
  author       = {An, Inkyu and Son, Myungbae and Manocha, Dinesh and Yoon, Sung-eui},
  booktitle    = {2018 IEEE International Conference on Robotics and Automation (ICRA)},
  pages        = {66--73},
  year         = {2018},
  organization = {IEEE}
}

@inproceedings{svaizer2011use,
  title        = {Use of reflected wavefronts for acoustic source localization with a line array},
  author       = {Svaizer, Piergiorgio and Brutti, Alessio and Omologo, Maurizio},
  booktitle    = {2011 Joint Workshop on Hands-free Speech Communication and Microphone Arrays},
  pages        = {165--169},
  year         = {2011},
  organization = {IEEE}
}

@article{weinstein1994iterative,
  title     = {Iterative and sequential algorithms for multisensor signal enhancement},
  author    = {Weinstein, Ehud and Oppenheim, Alan V and Feder, Meir and Buck, John R},
  journal   = {IEEE Transactions on Signal Processing},
  volume    = {42},
  number    = {4},
  pages     = {846--859},
  year      = {1994},
  publisher = {IEEE}
}


@article{ribeiro2010using,
  title     = {Using reverberation to improve range and elevation discrimination for small array sound source localization},
  author    = {Ribeiro, Flavio and Zhang, Cha and Flor{\^e}ncio, Dinei A and Ba, Demba Elimane},
  journal   = {IEEE Transactions on Audio, Speech, and Language Processing},
  volume    = {18},
  number    = {7},
  pages     = {1781--1792},
  year      = {2010},
  publisher = {IEEE}
}
@article{birnie2020reflection,
  title     = {Reflection Assisted Sound Source Localization Through a Harmonic Domain MUSIC Framework},
  author    = {Birnie, Lachlan I and Abhayapala, Thushara D and Samarasinghe, Prasanga N},
  journal   = {IEEE/ACM Transactions on Audio, Speech, and Language Processing},
  volume    = {28},
  pages     = {279--293},
  year      = {2020},
  publisher = {IEEE}
}
@inproceedings{korhonen2008acoustic,
  title        = {Acoustic localization using reverberation with virtual microphones},
  author       = {Korhonen, Teemu},
  booktitle    = {Proc. of International Workshop on Acoustic Echo and Noise Control (IWAENC)},
  pages        = {211--223},
  year         = {2008},
  organization = {Citeseer}
}

@article{bergamo2004collaborative,
  title     = {Collaborative sensor networking towards real-time acoustical beamforming in free-space and limited reverberance},
  author    = {Bergamo, Pierpaolo and Asgari, Shadnaz and Wang, Hanbiao and Maniezzo, Daniela and Yip, Len and Hudson, Ralph E and Yao, Kung and Estrin, Deborah},
  journal   = {IEEE Transactions on Mobile Computing},
  volume    = {3},
  number    = {3},
  pages     = {211--224},
  year      = {2004},
  publisher = {IEEE}
}

@inproceedings{birnie2019sound,
  title        = {Sound source localization in a reverberant room using harmonic based music},
  author       = {Birnie, Lachlan and Abhayapala, Thushara D and Chen, Hanchi and Samarasinghe, Prasanga N},
  booktitle    = {ICASSP 2019-2019 IEEE International Conference on Acoustics, Speech and Signal Processing (ICASSP)},
  pages        = {651--655},
  year         = {2019},
  organization = {IEEE}
}
@inproceedings{perotin2019regression,
  title        = {Regression versus classification for neural network based audio source localization},
  author       = {Perotin, Laur{\'e}line and D{\'e}fossez, Alexandre and Vincent, Emmanuel and Serizel, Romain and Gu{\'e}rin, Alexandre},
  booktitle    = {2019 IEEE Workshop on Applications of Signal Processing to Audio and Acoustics (WASPAA)},
  pages        = {343--347},
  year         = {2019},
  organization = {IEEE}
}
@article{blandin2012multi,
  title     = {Multi-source TDOA estimation in reverberant audio using angular spectra and clustering},
  author    = {Blandin, Charles and Ozerov, Alexey and Vincent, Emmanuel},
  journal   = {Signal Processing},
  volume    = {92},
  number    = {8},
  pages     = {1950--1960},
  year      = {2012},
  publisher = {Elsevier}
}
@inproceedings{gomez2018haru,
  title     = {Haru: Hardware design of an experimental tabletop robot assistant},
  author    = {Gomez, Randy and Szapiro, Deborah and Galindo, Kerl and Nakamura, Keisuke},
  booktitle = {Proceedings of the 2018 ACM/IEEE international conference on human-robot interaction},
  pages     = {233--240},
  year      = {2018}
}
@article{ackerman2018haru,
  title   = {Haru: An Experimental Social Robot From Honda Research},
  journal = {IEEE Specturm},
  author  = {Ackerman, Evan},
  year    = {2018},
  month   = {Aug}
}

@article{kingma2014adam,
  title   = {Adam: A method for stochastic optimization},
  author  = {Kingma, Diederik P and Ba, Jimmy},
  journal = {arXiv preprint arXiv:1412.6980},
  year    = {2014}
}

@article{bishop1994mixture,
  title     = {Mixture density networks},
  author    = {Bishop, Christopher M},
  year      = {1994},
  publisher = {Aston University}
}
@article{nabian2020physics,
  title     = {Physics-driven regularization of deep neural networks for enhanced engineering design and analysis},
  author    = {Nabian, Mohammad Amin and Meidani, Hadi},
  journal   = {Journal of Computing and Information Science in Engineering},
  volume    = {20},
  number    = {1},
  year      = {2020},
  publisher = {American Society of Mechanical Engineers Digital Collection}
}
%%% CONCLUSION %%%%%%%%%%%%%%%%%%%%%%%%%
@inproceedings{looney2020joint,
  title        = {Joint Estimation Of Acoustic Parameters From Single-Microphone Speech Observations},
  author       = {Looney, David and Gaubitch, Nikolay D},
  booktitle    = {ICASSP 2020-2020 IEEE International Conference on Acoustics, Speech and Signal Processing (ICASSP)},
  pages        = {431--435},
  year         = {2020},
  organization = {IEEE}
}
@inproceedings{bryan2020impulse,
  title        = {Impulse Response Data Augmentation and Deep Neural Networks for Blind Room Acoustic Parameter Estimation},
  author       = {Bryan, Nicholas J},
  booktitle    = {ICASSP 2020-2020 IEEE International Conference on Acoustics, Speech and Signal Processing (ICASSP)},
  pages        = {1--5},
  year         = {2020},
  organization = {IEEE}
}
@article{rao2020physics,
  title   = {Physics-informed deep learning for incompressible laminar flows},
  author  = {Rao, Chengping and Sun, Hao and Liu, Yang},
  journal = {arXiv preprint arXiv:2002.10558},
  year    = {2020}
}

@article{jin2020physics,
  title     = {A Physics-Driven Deep-Learning Network for Solving Nonlinear Inverse Problems},
  author    = {Jin, Yuchen and Shen, Qiuyang and Wu, Xuqing and Chen, Jiefu and Huang, Yueqin and others},
  journal   = {Petrophysics},
  volume    = {61},
  number    = {01},
  pages     = {86--98},
  year      = {2020},
  publisher = {Society of Petrophysicists and Well-Log Analysts}
}
@inproceedings{barumerli2018localization,
  title        = {Localization in Elevation with Non-Individual Head-Related Transfer Functions: Comparing Predictions of Two Auditory Models},
  author       = {Barumerli, Roberto and Geronazzo, Michele and Avanzini, Federico},
  booktitle    = {2018 26th European Signal Processing Conference (EUSIPCO)},
  pages        = {2539--2543},
  year         = {2018},
  organization = {IEEE}
}
@book{sato2012seismic,
  title     = {Seismic wave propagation and scattering in the heterogeneous earth},
  author    = {Sato, Haruo and Fehler, Michael C and Maeda, Takuto},
  year      = {2012},
  publisher = {Springer Science \& Business Media}
}

@inproceedings{achim2010compressive,
  title        = {Compressive sensing for ultrasound RF echoes using a-stable distributions},
  author       = {Achim, Alin and Buxton, Benjamin and Tzagkarakis, George and Tsakalides, Panagiotis},
  booktitle    = {2010 Annual International Conference of the IEEE Engineering in Medicine and Biology},
  pages        = {4304--4307},
  year         = {2010},
  organization = {IEEE}
}

@article{pan2016towards,
  title     = {Towards generalized FRI sampling with an application to source resolution in radioastronomy},
  author    = {Pan, Hanjie and Blu, Thierry and Vetterli, Martin},
  journal   = {IEEE Transactions on Signal Processing},
  volume    = {65},
  number    = {4},
  pages     = {821--835},
  year      = {2016},
  publisher = {IEEE}
}

@incollection{kleeman2016sonar,
  title     = {Sonar sensing},
  author    = {Kleeman, Lindsay and Kuc, Roman},
  booktitle = {Springer Handbook of Robotics},
  pages     = {753--782},
  year      = {2016},
  publisher = {Springer}
}
@inproceedings{mhenni2020sparse,
  title        = {Sparse Branch and Bound for Exact Optimization of L0-Norm Penalized Least Squares},
  author       = {Mhenni, Ramzi Ben and Bourguignon, S{\'e}bastien and Mongeau, Marcel and Ninin, Jordan and Carfantan, Herv{\'e}},
  booktitle    = {ICASSP 2020-2020 IEEE International Conference on Acoustics, Speech and Signal Processing (ICASSP)},
  pages        = {5735--5739},
  year         = {2020},
  organization = {IEEE}
}
@inproceedings{nadisic2020exact,
  title        = {Exact Sparse Nonnegative Least Squares},
  author       = {Nadisic, Nicolas and Vandaele, Arnaud and Gillis, Nicolas and Cohen, Jeremy E},
  booktitle    = {ICASSP 2020-2020 IEEE International Conference on Acoustics, Speech and Signal Processing (ICASSP)},
  pages        = {5395--5399},
  year         = {2020},
  organization = {IEEE}
}

@article{bourguignon2015exact,
  title     = {Exact sparse approximation problems via mixed-integer programming: Formulations and computational performance},
  author    = {Bourguignon, S{\'e}bastien and Ninin, Jordan and Carfantan, Herv{\'e} and Mongeau, Marcel},
  journal   = {IEEE Transactions on Signal Processing},
  volume    = {64},
  number    = {6},
  pages     = {1405--1419},
  year      = {2015},
  publisher = {IEEE}
}
@article{tropp2010computational,
  title     = {Computational methods for sparse solution of linear inverse problems},
  author    = {Tropp, Joel A and Wright, Stephen J},
  journal   = {Proceedings of the IEEE},
  volume    = {98},
  number    = {6},
  pages     = {948--958},
  year      = {2010},
  publisher = {IEEE}
}

%%% CH: LANTERN %%%%%%%%%%
@article{deleforge2015co,
  title     = {Co-localization of audio sources in images using binaural features and locally-linear regression},
  author    = {Deleforge, Antoine and Horaud, Radu and Schechner, Yoav Y and Girin, Laurent},
  journal   = {IEEE/ACM Transactions on Audio, Speech, and Language Processing},
  volume    = {23},
  number    = {4},
  pages     = {718--731},
  year      = {2015},
  publisher = {IEEE}
}

@book{bishop2006pattern,
  title     = {Pattern recognition and machine learning},
  author    = {Bishop, Christopher M},
  year      = {2006},
  publisher = {springer}
}

@book{goodfellow2016deep,
  title     = {Deep learning},
  author    = {Goodfellow, Ian and Bengio, Yoshua and Courville, Aaron and Bengio, Yoshua},
  volume    = {1},
  year      = {2016},
  publisher = {MIT press Cambridge}
}
@article{purwins2019deep,
  title     = {Deep learning for audio signal processing},
  author    = {Purwins, Hendrik and Li, Bo and Virtanen, Tuomas and Schl{\"u}ter, Jan and Chang, Shuo-Yiin and Sainath, Tara},
  journal   = {IEEE Journal of Selected Topics in Signal Processing},
  volume    = {13},
  number    = {2},
  pages     = {206--219},
  year      = {2019},
  publisher = {IEEE}
}
@inproceedings{zohny2014modelling,
  title        = {Modelling interaural level and phase cues with Student's t-distribution for robust clustering in MESSL},
  author       = {Zohny, Zeinab and Chambers, Jonathon},
  booktitle    = {2014 19th International Conference on Digital Signal Processing},
  pages        = {59--62},
  year         = {2014},
  organization = {IEEE}
}

@inproceedings{deleforge2016rectified,
  title        = {Rectified binaural ratio: A complex T-distributed feature for robust sound localization},
  author       = {Deleforge, Antoine and Forbes, Florence},
  booktitle    = {2016 24th European Signal Processing Conference (EUSIPCO)},
  pages        = {1257--1261},
  year         = {2016},
  organization = {IEEE}
}

@inproceedings{bengio2009curriculum,
  title     = {Curriculum learning},
  author    = {Bengio, Yoshua and Louradour, J{\'e}r{\^o}me and Collobert, Ronan and Weston, Jason},
  booktitle = {Proceedings of the 26th annual international conference on machine learning},
  pages     = {41--48},
  year      = {2009}
}
